@book{strogatz2015nonlinear,
  title={Nonlinear dynamics and chaos: with applications to physics, biology, chemistry, and engineering},
  author={Strogatz, Steven H.},
  year={2015},
  edition={\nth{2}},
  publisher={{CRC} {P}ress}
}

@article{alnafisah2018implementation,
author = {Alnafisah, Yousef},
title = {The Implementation of {M}ilstein Scheme in Two-Dimensional {SDE}s Using the {F}ourier Method},
journal = {Abstract and Applied Analysis},
volume = {2018},
number = {1},
year = {2018}
}

@article{milstein1974approximation,
author = {Milstein, G. N.},
title={Approximate integration of stochastic
differential equations (original article by {G}.~{N}.\ {M}il'shtein in {R}ussian in {T}eor.\ {V}eroyatnost.\ i {P}rimenen., 1974, Volume 19, Issue 3, 583--588)},
journal = {Theory of Probability \& Its Applications},
volume = {19},
number = {3},
pages = {557--562},
year = {1975}
}

@article{baydin2018automatic,
  author  = {Baydin, Atilim G\"{u}ne\c{s} and  Pearlmutter, Barak A. and Radul, Alexey Andreyevich and Siskind, Jeffrey Mark},
  title   = {Automatic Differentiation in Machine Learning: a Survey},
  journal = {Journal of Machine Learning Research},
  year    = {2018},
  volume  = {18},
  number  = {153},
  pages   = {1--43}
}

@article{dixon1991use,
  title={Use of automatic differentiation for calculating {H}essians and {N}ewton steps},
  author={Dixon, Lawrence},
  journal={Automatic Differentiation of Algorithms: Theory, Implementation, and Application},
  pages={114--125},
  year={1991}
}


@book{milstein1995numerical,
  title={Numerical integration of stochastic differential equations (original {R}ussian work: Numerical Integration of Stochastic Differential Equations, {U}ral {S}tate {U}niversity {P}ress, {S}verdlovsk, 1988)},
  author={Milstein, G. N.},
  volume={313},
  year={1995},
  publisher={Springer}
}

@article{wang2024comprehensive,
  title={A comprehensive survey of continual learning: theory, method and application},
  author={Wang, Liyuan and Zhang, Xingxing and Su, Hang and Zhu, Jun},
  journal={{IEEE} Transactions on Pattern Analysis and Machine Intelligence},
  year={2024},
  publisher={IEEE}
}

@article{buddhi2023continual,
  author={Wickramasinghe, Buddhi and Saha, Gobinda and Roy, Kaushik},
  journal={{IEEE} Transactions on Artificial Intelligence}, 
  title={Continual learning: a review of techniques, challenges and future directions}, 
  year={2023},
  volume={},
  number={},
  pages={1--21}
}


@article{hadsell2020embracing,
	Author = {Hadsell, Raia and Rao, Dushyant and Rusu, Andrei A. and Pascanu, Razvan},
	Journal = {Trends in Cognitive Sciences},
	Number = {12},
	Pages = {1028--1040},
	Publisher = {Elsevier},
	Title = {Embracing change: continual learning in deep neural networks},
	Volume = {24},
	Year = {2020}
}


@book{chen2018lifelong,
  title={Lifelong machine learning},
  author={Chen, Zhiyuan and Liu, Bing},
  year={2018},
    edition={\nth{2}},
  publisher={{S}pringer}
}

@article{massing2023approximation,
	author = {Massing, Till},
	title = {Approximation and error analysis of forward-backward {SDE}s driven by general {L}\'{e}vy processes using shot noise series representations},
	journal = {{ESAIM}: {P}robability \& {S}tatistics},
	year = 2023,
	volume = 27,
	pages = {694--722}
}


@article{gaines1994random,
author = {Gaines, J. G. and Lyons, T. J.},
title = {Random generation of stochastic area integrals},
journal = {{SIAM} {J}ournal on {A}pplied {M}athematics},
volume = {54},
number = {4},
pages = {1132--1146},
year = {1994}
}


@article{peng2016bsde,
	Author = {Peng, Shige and Wang, Falei},
	Journal = {{S}cience {C}hina {M}athematics},
	Number = {1},
	Pages = {19--36},
	Title = {{BSDE}, path-dependent {PDE} and nonlinear {F}eynman-{K}ac formula},
	Volume = {59},
	Year = {2016},
}

@article{germain2022approximation,
author = {Germain, Maximilien and Pham, Huy\^{e}n and Warin, Xavier},
title = {Approximation Error Analysis of Some Deep Backward Schemes for Nonlinear {PDE}s},
journal = {{SIAM} {J}ournal on {S}cientific {C}omputing},
volume = {44},
number = {1},
pages = {A28--A56},
year = {2022}
}

@article{e2021algorithms,
year = {2021},
volume = {35},
number = {1},
pages = {278},
author = {E, Weinan and Han, Jiequn and Jentzen, Arnulf},
title = {Algorithms for solving high dimensional {PDE}s: from nonlinear {M}onte {C}arlo to machine learning},
journal = {Nonlinearity}
}





@article{e2017deep_learning,
	Author = {E, Weinan and Han, Jiequn and Jentzen, Arnulf},
	Journal = {Communications in Mathematics and Statistics},
	Number = {4},
	Pages = {349--380},
	Title = {Deep Learning-Based Numerical Methods for High-Dimensional Parabolic Partial Differential Equations and Backward Stochastic Differential Equations},
	Volume = {5},
	Year = {2017}
}


@article{e2019multilevel_picard,
	Author = {E, Weinan and Hutzenthaler, Martin and Jentzen, Arnulf and Kruse, Thomas},
	Journal = {Journal of Scientific Computing},
	Number = {3},
	Pages = {1534--1571},
	Title = {On Multilevel {P}icard Numerical Approximations for High-Dimensional Nonlinear Parabolic Partial Differential Equations and High-Dimensional Nonlinear Backward Stochastic Differential Equations},
	Volume = {79},
	Year = {2019}
}

@article{e2018solving,
author = {E, Weinan and Han, Jiequn and Jentzen, Arnulf},
title = {Solving high-dimensional partial differential equations using deep learning},
journal = {{P}roceedings of the {N}ational {A}cademy of {S}ciences},
volume = {115},
number = {34},
pages = {8505--8510},
year = {2018},
note={Code available at \href{https://github.com/frankhan91/DeepBSDE}{\url{https://github.com/frankhan91/DeepBSDE}}.}
}

@inproceedings{
ko2023multilevel,
title={A multilevel approach to efficient gradient calculation in stochastic systems},
author={Ko, Joohwan and Poli, Michael and Massaroli, Stefano and Kim, Woo Chang},
booktitle={{ICLR} 2023 Workshop on Physics for Machine Learning},
year={2023},
url={https://openreview.net/forum?id=SGmR37uf2s}
}


@article{li2019properties,
	author = {Li, Xinpeng and Lin, Yiqing and Xu, Weicheng},
	journal = {Advances in Difference Equations},
	number = {1},
	pages = {193},
	title = {On properties of solutions to {B}lack-{S}choles-{B}arenblatt equations},
	volume = {2019},
	year = {2019}
}

@misc{vargiolu2001existence,
author = {Vargiolu, Tiziano},
year = {2001},
title = {Existence, Uniqueness and Smoothness for the {B}lack-{S}choles-{B}arenblatt Equation},
url={https://www.math.unipd.it/~vargiolu/BSB.pdf},
note={(unpublished)}
}


@article{gierjatowicz2023robust,
  title={Robust pricing and hedging via neural {SDE}s},
  author={Gierjatowicz, Patryk and Sabate-Vidales, Marc and {\v{S}}i{\v{s}}ka, David and Szpruch, {\L{}}ukasz and {\v{Z}}uri{\v{c}}, {\v{Z}}an},
  journal={Journal of Computational Finance},
  year={2023},
  month={{F}ebruary},
  volume=26,
  number=3,
  pages={1--32}
}

@article{bender2008time_discretization,
author = {Bender, Christian and Zhang, Jianfeng},
title = {Time discretization and {M}arkovian iteration for coupled {FBSDE}s},
volume = {18},
journal = {The {A}nnals of {A}pplied {P}robability},
number = {1},
pages = {143--177},
year = {2008}
}

@book{trefethen2019approximation,
  title={Approximation theory and approximation practice},
  author={Trefethen, Lloyd N.},
  year={2019},
  publisher={{SIAM}},
edition={extended}
}

@book{powell1981approximation,
  title={Approximation theory and methods},
  author={Powell, Michael J. D.},
  year={1981},
  publisher={{C}ambridge {U}niversity {P}ress}
}

@article{giles2014antithetic,
author = {Giles, Michael B. and Szpruch, {\L{}}ukasz},
title = {Antithetic multilevel {M}onte {C}arlo estimation for multi-dimensional {SDE}s without {L}\'{e}vy area simulation},
volume = {24},
journal = {The {A}nnals of {A}pplied {P}robability},
number = {4},
pages = {1585--1620},
year = {2014}
}


@book{glasserman2003monte,
	title={{M}onte {C}arlo methods in financial engineering},
	author={Glasserman, Paul},
	volume={53},
	year={2003},
	series={Stochastic modelling and applied probability},
	publisher={{S}pringer}
}

@article{zhang2004numerical,
author = {Jianfeng Zhang},
title = {A numerical scheme for {BSDE}s},
volume = {14},
journal = {The {A}nnals of {A}pplied {P}robability},
number = {1},
publisher = {{I}nstitute of {M}athematical {S}tatistics},
pages = {459--488},
year = {2004}
}

@article{bouchard2004discrete,
title = {Discrete-time approximation and {M}onte-{C}arlo simulation of backward stochastic differential equations},
journal = {{S}tochastic {P}rocesses and their {A}pplications},
volume = {111},
number = {2},
pages = {175--206},
year = {2004},
author = {Bouchard, Bruno and Touzi, Nizar}
}

@book{iserles2009first,
  title={A first course in the numerical analysis of differential equations},
  author={Iserles, Arieh},
  edition={\nth{2}},
  year={2009},
  publisher={Cambridge University Press}
}

@article{langevin1908theorie,
  title={Sur la th{\'e}orie du mouvement {B}rownien (On the theory of {B}rownian motion)},
  author={Langevin, Paul},
    journal = {{C}omptes {R}endus de l'{A}cad\'{e}mie des {S}ciences},
  volume={146},
  number={530--533},
  pages={530},
  year={1908}
}

@book{klebaner2012introduction,
  title={Introduction to stochastic calculus with applications},
  author={Klebaner, Fima C.},
  year={2012},
  publisher={{I}mperial {C}ollege {P}ress},
edition={\nth{3}}
}

@article{brown1828xxvii,
  title={{XXVII}. {A} brief account of microscopical observations made in the months of {J}une, {J}uly and {A}ugust 1827, on the particles contained in the pollen of plants; and on the general existence of active molecules in organic and inorganic bodies},
  author={Brown, Robert},
  journal={The philosophical magazine and annals of philosophy},
  volume={4},
  number={21},
  month={{S}eptember},
  pages={161--173},
  year={1828},
  publisher={Taylor \& Francis}
}

@book{karatzas1998brownian,
  title={{B}rownian motion and stochastic calculus},
  author={Karatzas, Ioannis and Shreve, Steven},
  volume={113},
edition={\nth{2}},
  year={1998},
  publisher={{S}pringer}
}

@article{muller2002optimal,
author = {M{\"u}ller-Gronbach, Thomas},
title = {The optimal uniform approximation of systems of stochastic differential equations},
volume = {12},
journal = {The Annals of Applied Probability},
number = {2},
publisher = {Institute of Mathematical Statistics},
pages = {664--690},
year = {2002}
}


@article{abiodun2018state,
	author = {Abiodun, Oludare Isaac and Jantan, Aman and Omolara, Abiodun Esther and Dada, Kemi Victoria and Mohamed, Nachaat Abd Elatif and Arshad, Humaira},
	journal = {Heliyon},
	number = {11},
	publisher = {Elsevier},
	title = {State-of-the-art in artificial neural network applications: a survey},
	volume = {4},
	year = {2018}
}

@inproceedings{aloysius2017review,
  author={Aloysius, Neena and Geetha, M.},
  booktitle={2017 International Conference on Communication and Signal Processing ({ICCSP})}, 
  title={A review on deep convolutional neural networks}, 
  year={2017},
  pages={0588--0592}
}

@book{gurney2018introduction,
  title={An introduction to neural networks},
  author={Gurney, Kevin},
  year={2018},
  publisher={{CRC} {P}ress}
}

@inbook{tripathi2010high,
author="Tripathi, B. K. and Kalra, P. K.",
title="High Dimensional Neural Networks and Applications",
bookTitle="Intelligent Autonomous Systems: Foundations and Applications",
year="2010",
publisher="Springer",
pages="215--233",
}

@book{hastie2009elements,
  title={The elements of statistical learning: data mining, inference, and prediction},
  author={Hastie, Trevor and Tibshirani, Robert and Friedman, Jerome},
  edition={\nth{2}},
  year={2009},
  publisher={Springer}
}

@book{james2023intro,
author="James, Gareth and Witten, Daniela and Hastie, Trevor and Tibshirani, Robert
and Taylor, Jonathan",
title={An Introduction to Statistical Learning: with Applications in {P}ython},
year="2023",
publisher="Springer"
}

@book{kloeden1999numerical,
    title={Numerical solution of stochastic differential equations},
    author={Kloeden, Peter E. and Platen, Eckhard},
    series={Stochastic modelling and applied probability},
    volume=23,
    year=1999,
    note={Corrected \nth{3} printing},
    publisher={{S}pringer}
}

@book{higham2021introduction,
  title={An introduction to the numerical simulation of stochastic differential equations},
  author={Higham, Desmond J. and Kloeden, Peter E.},
  year={2021},
  publisher={{SIAM}}
}

@book{asmussen2007stochastic,
    title={Stochastic simulation: algorithms and analysis},
    author={Asmussen, S{\o}ren and Glynn, Peter W.},
    volume={57},
    year={2007},
    publisher={{S}pringer}
}

@article{black1973pricing,
  title={The pricing of options and corporate liabilities},
  author={Black, Fischer and Scholes, Myron},
  journal={Journal of political economy},
  volume={81},
  number={3},
  pages={637--654},
  year={1973},
  publisher={{U}niversity of {C}hicago {P}ress}
}

@book{wilmott1995mathematics,
  title={The mathematics of financial derivatives: a student introduction},
  author={Wilmott, Paul and Howison, Sam and Dewynne, Jeff},
  year={1995},
  publisher={Cambridge University Press}
}

@book{cohen2015stochastic,
  title={Stochastic calculus and applications},
  author={Cohen, Samuel N. and Elliott, Robert J.},
  edition={\nth{2}},
  year={2015},
  publisher={{S}pringer}
}

@article{levy1948processus,
  title={Processus stochastiques et mouvement {B}rownien},
  author={L{\'e}vy, Paul},
  journal={Gauthier-Villars, {P}aris},
  year={1948}
}

@misc{lamport2022interview,
author={Lamport, Leslie},
title={The man who revolutionized computer science with math, a video interview with {Q}uanta magazine},
year=2022,
url={https://youtu.be/rkZzg7Vowao}
}

@misc{raissi2018forwardbackward,
      title={Forward-Backward Stochastic Neural Networks: Deep Learning of High-dimensional Partial Differential Equations}, 
      author={Raissi, Maziar},
      year={2018},
    url={https://arxiv.org/abs/1804.07010},
      note={Code available at \url{https://github.com/maziarraissi/FBSNNs}}
}

@article{e2021multilevel_picard,
	Author = {E, Weinan and Hutzenthaler, Martin and Jentzen, Arnulf and Kruse, Thomas},
	Journal = {Partial Differential Equations and Applications},
	Number = {6},
	Pages = {80},
	Title = {Multilevel {P}icard iterations for solving smooth semilinear parabolic heat equations},
	Volume = {2},
	Year = {2021}
}


@article{hutzenthaler2020overcoming_pricing,
author = {Hutzenthaler, Martin and Jentzen, Arnulf and von Wurstemberger, Philippe},
title = {Overcoming the curse of dimensionality in the approximative pricing of financial derivatives with default risks},
volume = {25},
journal = {Electronic Journal of Probability},
publisher = {Institute of Mathematical Statistics and {B}ernoulli Society},
pages = {1--73},
year = {2020}
}

@article{hutzenthaler2020overcoming_pdes,
  title={Overcoming the curse of dimensionality in the numerical approximation of semilinear parabolic partial differential equations},
  author={Hutzenthaler, Martin and Jentzen, Arnulf and Kruse, Thomas and Anh Nguyen, Tuan and von Wurstemberger, Philippe},
  journal={Proceedings of {T}he {R}oyal {S}ociety {A}},
  volume={476},
  number={2244},
  pages={20190630},
  year={2020}
}

@misc{guler2019robust,
      title={Towards Robust and Stable Deep Learning Algorithms for Forward Backward Stochastic Differential Equations}, 
      author={G\"{u}ler, Batuhan and Laignelet, Alexis and Parpas, Panos},
      year={2019},
      url={https://arxiv.org/abs/1910.11623}
}

@misc{naarayan2024thesis,
    title={Towards robust and stable deep learning algorithms for forward backward stochastic differential equations},
    year=2024,
    month={June},
    author={Naarayan, Aadhithya A.},
    note={Master's dissertation, {I}mperial {C}ollege {L}ondon, {D}epartment of {C}omputing}
}

@inproceedings{he2016deep,
  title={Deep residual learning for image recognition},
  author={He, Kaiming and Zhang, Xiangyu and Ren, Shaoqing and Sun, Jian},
  booktitle={Proceedings of the {IEEE} conference on computer vision and pattern recognition},
  pages={770--778},
  year={2016}
}

@article{ciccone2018nais,
  title={{NAIS}-{N}et: Stable deep networks from non-autonomous differential equations},
  author={Ciccone, Marco and Gallieri, Marco and Masci, Jonathan and Osendorfer, Christian and Gomez, Faustino},
  journal={Advances in Neural Information Processing Systems},
  volume={31},
  year={2018}
}

@article{benning2019deep,
title = {Deep learning as optimal control problems: Models and numerical methods},
journal = {Journal of Computational Dynamics},
volume = {6},
number = {2},
pages = {171--198},
year = {2019},
author = {Martin Benning and Elena Celledoni and Matthias J. Ehrhardt and Brynjulf Owren and Carola-Bibiane Sch\'{o}nlieb}
}

@misc{liu2019deep,
      title={Deep learning theory review: an optimal control and dynamical systems perspective}, 
      author={Liu, Guan-Horng and Theodorou, Evangelos A.},
      year={2019},
      url={https://arxiv.org/abs/1908.10920}
}

@inproceedings{li2018optimal,
  title={An optimal control approach to deep learning and applications to discrete-weight neural networks},
  author={Li, Qianxiao and Hao, Shuji},
  booktitle={Proceedings of the \nth{35} International Conference on Machine
Learning, {S}tockholm, {S}weden, {PMLR}},
  pages={2985--2994},
  year={2018}
}


@inproceedings{heinrich2001multilevel,
author={Heinrich, Stefan},
title={Multilevel {M}onte {C}arlo Methods},
booktitle={Large-Scale Scientific Computing},
year={2001},
publisher={{S}pringer},
pages={58--67}
}

@article{giles2008multilevel,
  title={Multilevel {M}onte {C}arlo path simulation},
  author={Giles, Michael B.},
  journal={{O}perations {R}esearch},
  volume={56},
  number={3},
  pages={607--617},
  year={2008}
}

@article{haji2016multi,
    title={{Multi-index {M}onte {C}arlo}: when sparsity meets sampling},
    author={Haji-Ali, Abdul-Lateef and Nobile, Fabio and Tempone, Ra{\'u}l},
    journal={Numerische mathematik},
    volume={132},
    number={4},
    pages={767--806},
    year={2016},
    publisher={Springer}
}

@article{giles2015multilevel, 
title={Multilevel {M}onte {C}arlo methods}, 
volume={24}, 
journal={{A}cta {N}umerica}, 
author={Giles, Michael B.}, 
year={2015}, 
pages={259--328}}

@misc{sheridan2020nested,
title={Nested multilevel {M}onte {C}arlo methods and a modified {E}uler-{M}aruyama scheme utilising approximate {G}aussian random variables suitable for vectorised hardware and low-precisions},
author={Sheridan-Methven, Oliver},
year=2021,
note={{DP}hil.\ thesis, {M}athematical {I}nstitute, {U}niversity of {O}xford.}
}

@article{giles2022approximate,
author = {Giles, Michael B. and Sheridan-Methven, Oliver},
title = {Analysis of Nested Multilevel {M}onte {C}arlo Using Approximate Normal Random Variables},
journal = {{SIAM/ASA} {J}ournal on {U}ncertainty {Q}uantification},
volume = {10},
number = {1},
pages={200--226},
year = {2022}
}

@article{giles2023approximating,
author = {Giles, Michael B. and Sheridan-Methven, Oliver},
title = {Approximating inverse cumulative distribution functions to produce approximate random variables},
year = {2023},
publisher = {{A}ssociation for {C}omputing {M}achinery},
volume = {49},
number = {3},
journal={{ACM} {T}ransactions on {M}athematical {S}oftware},
month = {September},
articleno = {26}
}

@book{platen2010numerical,
    title={Numerical solution of stochastic differential equations with jumps in finance},
    author={Platen, Eckhard and Bruti-Liberati, Nicola},
    year=2010,
    publisher={{S}pringer},
    volume=64,
    series={Stochastic modelling and applied probability}
}

@misc{stephens2014mathematical,
    author={Stephens, David A.},
    title={556: mathematical statistics~{I}},
    year=2014,
    note={{M}c{G}ill {U}niversity}
}

@article{cozma2018strong,
author = {Cozma, Andrei and Reisinger, Christoph},
title = {Strong Convergence Rates for {E}uler Approximations to a Class of Stochastic Path-Dependent Volatility Models},
journal = {{SIAM} Journal on Numerical Analysis},
volume = {56},
number = {6},
pages = {3430--3458},
year = {2018}
}

@article{higham2002strong,
author = {Higham, Desmond J. and Mao, Xuerong and Stuart, Andrew M.},
title = {Strong Convergence of {E}uler-Type Methods for Nonlinear Stochastic Differential Equations},
journal = {{SIAM} Journal on Numerical Analysis},
volume = {40},
number = {3},
pages = {1041--1063},
year = {2002}
}

@article{bouchard2009strong,
author = {Bouchard, Bruno and Menozzi, St{\'e}phane},
title = {Strong approximations of {BSDE}s in a domain},
volume = {15},
journal = {{B}ernoulli},
number = {4},
publisher = {{B}ernoulli Society for Mathematical Statistics and Probability},
pages = {1117--1147},
year = {2009}
}


@article{han2020convergence,
	Author = {Han, Jiequn and Long, Jihao},
	Journal = {Probability, Uncertainty and Quantitative Risk},
	Number = {1},
	Pages = {5},
	Title = {Convergence of the deep {BSDE} method for coupled {FBSDE}s},
	Volume = {5},
	Year = {2020}
}


@article{andersson2023convergence,
author = {Andersson, Kristoffer and Andersson, Adam and Oosterlee, Cornelis W.},
title = {Convergence of a Robust Deep {FBSDE} Method for Stochastic Control},
journal = {{SIAM} Journal on Scientific Computing},
volume = {45},
number = {1},
pages = {A226--A255},
year = {2023}
}

@misc{negyesi2024generalizedconvergencedeepbsde,
      title={Generalized convergence of the deep {BSDE} method: a step towards fully-coupled {FBSDE}s and applications in stochastic control}, 
      author={Negyesi, Balint and Huang, Zhipeng  and Oosterlee, Cornelis W.},
      year={2024},
      url={https://arxiv.org/abs/2403.18552}, 
}




@article{giles2009analysing,
	Author = {Giles, Michael B. and Higham, Desmond J. and Mao, Xuerong},
	Journal = {Finance and Stochastics},
	Number = {3},
	Pages = {403--413},
	Title = {Analysing multi-level {M}onte {C}arlo for options with non-globally {L}ipschitz payoff},
	Volume = {13},
	Year = {2009}
}


@article{higham2005convergence,
title = "Convergence of {M}onte {C}arlo simulations involving the mean-reverting square root process",
author = {Higham, Desmond J. and Mao, Xuerong},
year = "2005",
volume = "8",
pages = "35--61",
journal = "Journal of Computational Finance",
number = "3"
}

@article{cozma2018convergence,
author = {Cozma, Andrei and Mariapragassam, Matthieu and Reisinger, Christoph},
title = {Convergence of an {E}uler Scheme for a Hybrid Stochastic-Local Volatility Model with Stochastic Rates in Foreign Exchange Markets},
journal = {{SIAM} Journal on Financial Mathematics},
volume = {9},
number = {1},
pages = {127--170},
year = {2018}
}

@incollection{kloeden2013convergence,
  title={Convergence of numerical methods for stochastic differential equations in mathematical finance},
  author={Kloeden, Peter E. and Neuenkirch, Andreas},
  booktitle={Recent Developments in Computational Finance: Foundations, Algorithms and Applications},
  pages={49--80},
  year={2013},
  publisher={{W}orld {S}cientific}
}


@inproceedings{burkholder1972integral,
	title={Integral inequalities for convex functions of operators on martingales},
	author={Burkholder, Donald L. and Davis, Burgess J. and Gundy, Richard F.},
	booktitle={Proceedings of the Sixth {B}erkeley Symposium on Mathematical Statistics and Probability},
	volume={2},
	pages={223--240},
	year={1972},
	organization={{U}niversity of {C}alifornia {P}ress, {B}erkeley, {C}alifornia}
}


@article{perotti2022fast_sampling,
title = {Fast sampling from time-integrated bridges using deep learning},
journal = {Journal of Computational Mathematics and Data Science},
volume = {5},
pages = {100060},
year = {2022},
author = {Perotti, Leonardo and Grzelak, Lech A.}
}

@article{perotti2024pricing,
author = {Perotti, Leonardo and Grzelak, Lech A.},
title = {On pricing of discrete {A}sian and Lookback options under the {H}eston model},
journal = {International Journal of Computer Mathematics},
volume = {0},
number = {0},
pages = {1--30},
year = {2024},
publisher = {{T}aylor \& {F}rancis}
}

@article{yarotsky2017error,
title = {Error bounds for approximations with deep {ReLU} networks},
journal = {Neural Networks},
volume = {94},
pages = {103--114},
year = {2017},
author = {Yarotsky, Dmitry}
}

@book{dasgupta2011probability,
    title={Probability for statistics and machine learning: fundamentals and advanced topics},
    author={DasGupta, Anirban},
    year={2011},
    publisher={{S}pringer}
}



@article{gronwall1919derivatives,
	author = {Gr{\"{o}}nwall, Thomas H.},
	journal = {Annals of Mathematics},
	number = {4},
	pages = {292--296},
	title = {Note on the Derivatives with Respect to a Parameter of the Solutions of a System of Differential Equations},
	volume = {20},
	year = {1919}
}


@book{dieudonne1969foundations,
	title={Foundations of modern analysis},
	author={Dieudonn\'{e}, Jean},
	volume=10,
	edition={Enlarged and corrected printing},
	series={Pure and applied mathematics},
	year={1969},
	publisher={Academic press}
}

@misc{holte2009discrete,
	title={Discrete {G}r{\"{o}}nwall lemma and applications},
	author={Holte, John M.},
	year=2009,
	month={October},
	day={24},
	url={http://homepages.gac.edu/~holte/publications/GronwallLemma.pdf},
	note={Accessed {T}uesday \nth{8} {S}eptember 2020}
}


@Article{beesack1985gronwall,
	author    = {Beesack, P. R.},
	title     = {More Generalised Discrete {G}r\"{o}nwall Inequalities},
	journal   = {{ZAMM} - Journal of Applied Mathematics and Mechanics (Zeitschrift f\"{u}r Angewandte Mathematik und Mechanik)},
	year      = {1985},
	volume    = {65},
	number    = {12},
	pages     = {589--595},
	month     = {{J}anuary},
}

@book{yong1999stochastic,
  title={Stochastic controls: {H}amiltonian systems and {HJB} equations},
  author={Yong, Jiongmin and Zhou, Xun Yu},
  volume={43},
  year={1999},
  publisher={{S}pringer}
}



@article{nusken2021solving,
	author = {N{\"u}sken, Nikolas and Richter, Lorenz},
	journal = {Partial Differential Equations and Applications},
	number = {4},
	pages = {48},
	title = {Solving high-dimensional {H}amilton-{J}acobi-{B}ellman {PDE}s using neural networks: perspectives from the theory of controlled diffusions and measures on path space},
	volume = {2},
	year = {2021}
}

@article{allen1979microscopic,
title = {A microscopic theory for antiphase boundary motion and its application to antiphase domain coarsening},
journal = {{A}cta {M}etallurgica},
volume = {27},
number = {6},
pages = {1085--1095},
year = {1979},
author = {Allen, Samuel M. and Cahn, John W.}
}

@book{emmerich2003diffuse,
  title={The diffuse interface approach in materials science: thermodynamic concepts and applications of phase-field models},
  author={Emmerich, Heike},
  volume={73},
  year={2003},
  publisher={{S}pringer}
}

@book{bartels2015numerical,
  title={Numerical methods for nonlinear partial differential equations},
  author={Bartels, S{\"o}ren},
  volume={47},
  year={2015},
  publisher={{S}pringer}
}

@article{henrylabordere2014numerical,
title = {A numerical algorithm for a class of {BSDE}s via the branching process},
journal = {Stochastic Processes and their Applications},
volume = {124},
number = {2},
pages = {1112--1140},
year = {2014},
author = {Henry-Labord\`{e}re, Pierre and Tan, Xiaolu and Touzi, Nizar},
}


@article{breit2024weak_error,
	author = {Breit, Dominic and Prohl, Andreas},
	journal = {Stochastics and Partial Differential Equations: Analysis and Computations},
	title = {Weak error analysis for the stochastic {A}llen-{C}ahn equation},
	year = {2024}
}


@article{becker2023strong,
	author = {Becker, Sebastian and Gess, Benjamin and Jentzen, Arnulf and Kloeden, Peter E.},
	journal = {Stochastics and Partial Differential Equations: Analysis and Computations},
	number = {1},
	pages = {211--268},
	title = {Strong convergence rates for explicit space-time discrete numerical approximations of stochastic {A}llen-{C}ahn equations},
	volume = {11},
	year = {2023}
}

@article{avellaneda1995pricing,
author = {Avellaneda, M. and Levy, A. and Par\'{a}s, A.},
title = {Pricing and hedging derivative securities in markets with uncertain volatilities},
journal = {Applied Mathematical Finance},
volume = {2},
number = {2},
pages = {73--88},
year = {1995}
}

@book{barenblatt1979similarity,
  title={Similarity, self-similarity, and intermediate asymptotics},
  author={Barenblatt, Grigori Isaakovich},
  volume={17},
  year={1979},
  publisher={Plenum Publishing Corporation, New York, London},
  note={(\nth{1} Russian edition Gidrometeoizdat, Leningrad, 1978; \nth{2} Russian edition, 1982)}
}

@book{barenblatt1996similarity,
  title={Similarity, self-similarity, and intermediate asymptotics},
  author={Barenblatt, Grigori Isaakovich},
  year={1996},
  publisher={Cambridge University Press}
}

@article{kruse2018gronwall,
	title = {A discrete stochastic {G}r\"{o}nwall lemma},
	journal = {Mathematics and Computers in Simulation},
	volume = {143},
	pages = {149--157},
	year = {2018},
	note = {\nth{10} {IMACS} Seminar on {M}onte {C}arlo Methods},
	author = {Kruse, Raphael and Scheutzow, Michael}
}

@article{giles2024rounding,
author = {Giles, Michael B. and Sheridan-Methven, Oliver},
title = {Rounding error using low precision approximate random variables},
year = {2024},
journal = {{SIAM} {J}ournal on {S}cientific {C}omputing},
publisher={{SIAM}},
volume = {46},
number = {4},
pages = {B502--B526}
}

@article{bismut1973conjugate,
  title={Conjugate convex functions in optimal stochastic control},
  author={Bismut, Jean-Michel},
  journal={Journal of {M}athematical {A}nalysis and {A}pplications},
  volume={44},
  number={2},
  pages={384--404},
  year={1973}
}

@book{gobet2016monte,
  title={{M}onte {C}arlo methods and stochastic processes: from linear to non-linear},
  author={Gobet, Emmanuel},
  year={2016},
  publisher={{C}hapman and {H}all/{CRC}}
}

@inproceedings{pardoux1992backward,
  title={Backward stochastic differential equations and quasilinear parabolic partial differential equations (Lecture notes in control and information sciences, volume 176)},
  author={Pardoux, Etienne and Peng, Shige},
  booktitle={Stochastic Partial Differential Equations and Their Applications: Proceedings of {IFIP WG} 7/1 International Conference {U}niversity of {N}orth {C}arolina at {C}harlotte, {NC} {J}une 6--8, 1991},
  pages={200--217},
  year={1992},
  organization={Springer}
}

@article{peng1991probabilistic,
  title={Probabilistic interpretation for systems of quasilinear parabolic partial differential equations},
  author={Peng, Shige},
  journal={{S}tochastics and {S}tochastics {R}eports},
  volume={37},
  number={1--2},
  pages={61--74},
  year={1991}
}

@article{wu2014probabilistic,
title = {Probabilistic interpretation for a system of quasilinear parabolic partial differential equation combined with algebra equations},
journal = {{S}tochastic {P}rocesses and their {A}pplications},
volume = {124},
number = {12},
pages = {3921--3947},
year = {2014},
author = {Wu, Zhen and Yu, Zhiyong}
}


@article{peng1993bsde_and_applications,
	Author = {Peng, Shige},
	Journal = {Applied Mathematics and Optimization},
	Number = {2},
	Pages = {125--144},
	Title = {Backward stochastic differential equations and applications to optimal control},
	Volume = {27},
	Year = {1993}
}

@book{riley2010mathematical,
  title={Mathematical methods for physics and engineering},
  author={Riley, Kenneth F. and Hobson, Michael P. and Bence, Stephen J.},
  year={2010},
  edition={\nth{3}},
  publisher={{C}ambridge {U}niversity {P}ress}
}

@book{nocedal2006numerical,
  title={Numerical optimization},
  author={Nocedal, Jorge and Wright, Stephen J.},
  year={2006},
  edition={\nth{2}},
  publisher={{S}pringer}
}


@book{seydel2006tools,
	title={Tools for computational finance},
	author={Seydel, R{\"u}diger},
	volume={3},
	year={2006},
	publisher={{S}pringer},
    edition={\nth{5}}
}

@misc{heinonen2005lectures,
    title={Lectures on {L}ipschitz analysis},
    author={Heinonen, Juha},
    number={100},
    year={2005},
    note={{U}niversity of {J}yv{\"a}skyl{\"a}}
}

@book{federer1969geometric,
    title={Geometric measure theory},
    author={Federer, Herbert},
    year={1969},
    publisher={{S}pringer}
}