@article{bradley2011parallelization,
  title={Parallelization techniques for random number generations},
  author={Bradley, Thomas and du Toit, Jacques and Tong, Robert and Giles, Michael B. and Woodhams, Paul},
  journal={{{GPU}} computing gems emerald edition},
  volume={16},
  pages={231--246},
  year={2011},
  publisher={{E}lsevier}
}

@misc{boost2020library,
title={The {B}oost {C}++ library},
author={Agrawal, Nikhar and Bikineev, Anton and Bristow, Paul A.  and  Guazzone, Marco and  Kormanyos, Christopher and  Holin, Hubert and   Lalande, Bruno and  Maddock, John and  Murphy, Jeremy and  Pulver, Matthew and  R\aa{}de, Johan and  Sewani, Gautam and  Sobotta, Benjamin and  Thompson, Nicholas and  van den Berg, Thijs and  Walker, Daryle and  Zhang, Xiaogang and  others},
url = {https://www.boost.org/},
note={Version 1.74.0},
year=2020
}

@book{trefethen1997numerical,
    title={Numerical linear algebra},
    author={Trefethen, Lloyd N. and Bau, David},
    volume={50},
    year={1997},
    publisher={SIAM},
    edition={{3}}
}

@article{higham1993accuracy,
    title={The accuracy of floating point summation},
    author={Higham, Nicholas J.},
    journal={{SIAM} journal on scientific computing},
    volume={14},
    number={4},
    pages={783--799},
    year={1993},
    publisher={{SIAM}}
}

@inproceedings{vitasek1969numerical,
    title={The numerical stability in solution of differential equations},
    author={Vitasek, Emil},
    booktitle={Conference on the numerical solution of differential equations},
    pages={87--111},
    year={1969},
    organization={Springer}
}

@misc{woehr1997conversation,
title={A conversation with {W}illiam {K}ahan},
author={Woehr, Jack},
year=1997,
month={November},
url={https://www.drdobbs.com/architecture-and-design/a-conversation-with-william-kahan/184410314},
note={Accessed {F}riday {18} September 2020}
}

@article{severance1998IEEE7A,
    title={{IEEE} 754: an interview with {W}illiam {K}ahan},
    author={Severance, Charles},
    journal={Computer},
    month={March},
    year={1998},
    volume={31},
    pages={114-115}
}

@article{kahan1965further,
    title={Further remarks on reducing truncation errors},
    author={Kahan, William Morton},
    journal={Communications of the association for computing machinery ({ACM})},
    volume={8},
    pages={40},
    year={1965}
}

@book{knuth2014art,
    title={The art of computer programming: seminumerical algorithms},
    author={Knuth, Donald E.},
    year={2014},
    publisher={Addison-Wesley Professional},
    volume=2
}

@misc{intel2016mkl_stats,
title={{I}ntel math kernel library: notes for {I}ntel {MKL} vector statistics},
author={Intel},
url={https://software.intel.com/content/www/us/en/develop/documentation/mkl-vsnotes/top.html},
note={Accessed {F}riday {2} {O}ctober 2020},
year=2016
}

@article{thompson1984reflections,
    title={Reflections on trusting trust},
    author={Thompson, Ken},
    journal={Communications of the {ACM}},
    volume={27},
    number={8},
    pages={761--763},
    year={1984},
    publisher={{ACM New York, NY, USA}}
}

@article{park1988random,
    title={Random number generators: good ones are hard to find},
    author={Park, Stephen K. and Miller, Keith W.},
    journal={Communications of the {ACM}},
    volume={31},
    number={10},
    pages={1192--1201},
    year={1988},
    publisher={{ACM} {N}ew {Y}ork, {NY}, {USA}}
}

@book{ross2014first,
    title={A first course in probability},
    author={Ross, Sheldon},
    year={2014},
    edition={{9}},
    publisher={Pearson}
}

@book{weiss2006course,
    title={A course in probability},
    author={Weiss, Neil A.},
    year={2006},
  publisher={Pearson Addison Wesley}
}


@article{cozma2020strong_euler,
    author = {Cozma, Andrei and Reisinger, Christoph},
    title = "{Strong order 1/2 convergence of full truncation {E}uler approximations to the {C}ox–{I}ngersoll–{R}oss process}",
    journal = {{IMA} journal of numerical analysis},
    volume = {40},
    number = {1},
    pages = {358-376},
    year = {2018},
    month = {{O}ctober}
}

@misc{matlab2018statistics,
    title={Statistics and machine learning toolbox: user's guide},
    author={{M}ath{W}orks, {M}atlab},
    year=2018,
    note={{R2018b}}
}

@misc{brown1994dcdflib,
    title={{CDFLIB}: library of {F}ortran routines for cumulative distribution functions, inverses, and other parameters},
    author={Brown, Barry W. and Lovato, James and Russell, Kathy},
    year={1994},
    month={February},
url = {https://people.sc.fsu.edu/~jburkardt/f_src/cdflib/cdflib.html}
}

@book{abramowitz1948handbook,
    title={Handbook of mathematical functions with formulas, graphs, and mathematical tables},
    author={Abramowitz, Milton and Stegun, Irene A.},
    volume={55},
    year={1948},
    publisher={{US} government printing office},
    note={({6}th printing, {N}ovember 1967)}
}

@article{broadie2006exact,
    title={Exact simulation of stochastic volatility and other affine jump diffusion processes},
    author={Broadie, Mark and Kaya, \"{O}zg\"{u}r},
    journal={Operations research},
    volume={54},
    number={2},
    pages={217--231},
    year={2006},
    publisher={{INFORMS}}
}

@book{box1978statistics,
    title={Statistics for experimenters},
    author={Box, George E.P. and Hunter, William H. and Hunter, Stuart},
    volume={664},
    year={1978},
    publisher={{J}ohn {W}iley and sons, {N}ew {Y}ork}
}

@article{alfonsi2005discretization,
    title={On the discretization schemes for the {CIR} (and {B}essel squared) processes},
    author={Alfonsi, Aur\'{e}lien},
    journal={{M}onte {C}arlo methods and applications},
    volume={11},
    number={4},
    pages={355--384},
    year={2005},
    publisher={{D}e {G}ruyter}
}

@article{alfonsi2008second,
    title={A second-order discretization scheme for the {CIR} process: application to the {H}eston model},
    author={Alfonsi, Aur\'{e}lien},
    journal={Preprint {CERMICS} hal-00143723},
    volume={14},
    year={2008}
}

@article{gyongy1998note,
    title={A note on {E}uler's approximations},
    author={Gy\"{o}ngy, Istv\'{a}n},
    journal={Potential analysis},
    volume={8},
    number={3},
    pages={205--216},
    year={1998},
    publisher={Springer}
}

@article{gyongy2011note,
    title={A note on {E}uler approximations for {SDE}s with {H}\"{o}lder continuous diffusion coefficients},
    author={Gy\"{o}ngy, Istv\'{a}n and R\'{a}sonyi, Mikl\'{o}s},
    journal={Stochastic processes and their applications},
    volume={121},
    number={10},
    pages={2189--2200},
    year={2011},
    publisher={Elsevier}
}

@article{alfonsi2010high,
    title={High order discretization schemes for the {CIR} process: application to affine term structure and {H}eston models},
    author={Alfonsi, Aur\'{e}lien},
    journal={Mathematics of computation},
    volume={79},
    number={269},
    pages={209--237},
    year={2010}
}

@article{abdel1954approximate,
    title={Approximate formulae for the percentage points and the probability integral of the non-central $\chi^2$ distribution},
    author={Abdel-Aty, S.H.},
    journal={Biometrika},
    volume={41},
    number={3/4},
    pages={538--540},
    year={1954},
    publisher={{JSTOR}}
}

@article{hoaglin1977direct,
    title={Direct approximations for chi-squared percentage points},
    author={Hoaglin, David C.},
    journal={Journal of the {A}merican statistical association},
    volume={72},
    number={359},
    pages={508--515},
    year={1977},
    publisher={{T}aylor \& {F}rancis}
}

@article{shea1991algorithm,
    title={Algorithm {AS R85}: a remark on {AS 91}: the percentage points of the $\chi^2$ distribution},
    author={Shea, B.L.},
    journal={Journal of the royal statistical society. {S}eries {C} (applied statistics)},
    volume={40},
    number={1},
    pages={233--235},
    year={1991},
    publisher={JSTOR}
}

@article{best1975algorithm,
    title={Algorithm {AS 91}: The percentage points of the $\chi^2$ distribution},
    author={Best, D.J. and Roberts, D.E.},
    journal={Journal of the royal statistical society. {S}eries {C} (applied statistics)},
    volume={24},
    number={3},
    pages={385--388},
    year={1975},
    publisher={{JSTOR}}
}

@article{dereich2012euler,
    title={An {E}uler-type method for the strong approximation of the {C}ox-{I}ngersoll-{R}oss process},
    author={Dereich, Steffen and Neuenkirch, Andreas and Szpruch, Lukasz},
    journal={Proceedings of the royal society {A}: mathematical, physical and engineering sciences},
    volume={468},
    number={2140},
    pages={1105--1115},
    year={2012},
    publisher={The royal society publishing}
}

@article{heston1993closed,
    title={A closed-form solution for options with stochastic volatility with applications to bond and currency options},
    author={Heston, Steven L.},
    journal={The review of financial studies},
    volume={6},
    number={2},
    pages={327--343},
    year={1993},
    publisher={{O}xford {U}niversity press}
}

@article{rice1968uniform,
    title={Uniform asymptotic expansions for saddle point integrals---application to a probability distribution occurring in noise theory},
    author={Rice, Stephen O.},
    journal={{B}ell system technical journal},
    volume={47},
    number={9},
    pages={1971--2013},
    year={1968},
    publisher={{W}iley online library}
}



@article{wilson1931distribution,
    title={The distribution of chi-square},
    author={Wilson, Edwin B. and Hilferty, Margaret M.},
    journal={proceedings of the national academy of sciences of the {U}nited {S}tates of {A}merica},
    volume={17},
    number={12},
    pages={684},
    year={1931},
    publisher={National academy of sciences}
}

@article{sankaran1959non,
    title={On the non-central chi-square distribution},
    author={Sankaran, Munuswamy},
    journal={{B}iometrika},
    volume={46},
    number={1/2},
    pages={235--237},
    year={1959},
    publisher={{JSTOR}}
}

@book{johnson1995continuous,
    title={Continuous univariate distributions},
    author={Johnson, Norman L. and Kotz, Samuel and Balakrishnan, Narayanaswamy},
    year={1995},
    publisher={{J}ohn {W}iley \& sons, {Ltd}}
}

@article{deelstra1998convergence,
    title={Convergence of discretized stochastic (interest rate) processes with stochastic drift term},
    author={Deelstra, Griselda and Delbaen, Freddy},
    journal={Applied stochastic models and data analysis},
    volume={14},
    number={1},
    pages={77--84},
    year={1998},
    publisher={{C}hichester; {N}ew {Y}ork: {J}ohn {W}iley \& sons,[c1985]--c1999.}
}

@article{berkaoui2008euler,
    title={{E}uler scheme for {SDE}s with non-{L}ipschitz diffusion coefficient: strong convergence},
    author={Berkaoui, Abdel and Bossy, Mireille and Diop, Awa},
    journal={{ESAIM}: probability and statistics},
    volume={12},
    pages={1--11},
    year={2008},
    publisher={{EDP} sciences}
}

@article{feller1951two,
    title={Two singular diffusion problems},
    author={Feller, William},
    journal={Annals of mathematics},
    pages={173--182},
    year={1951},
    publisher={{JSTOR}}
}

@article{uhlenbeck1930theory,
    title={On the theory of the {B}rownian motion},
    author={Uhlenbeck, George E. and Ornstein, Leonard S.},
    journal={Physical review},
    volume={36},
    number={5},
    pages={823},
    year={1930},
    publisher={{APS}}
}

@article{vasicek1977equilibrium,
    title={An equilibrium characterization of the term structure},
    author={Va\v{s}\'{\i}\v{c}ek, Old\v{r}ich A.},
    journal={Journal of financial economics},
    volume={5},
    number={2},
    pages={177--188},
    year={1977},
    publisher={Elsevier}
}

@book{munk2011fixed,
    title={Fixed income modelling},
    author={Munk, Claus},
    year={2011},
    publisher={Oxford {U}niversity press}
}

@article{avikainen2009irregular,
    title={On irregular functionals of {SDEs} and the {E}uler scheme},
    author={Avikainen, Rainer},
    journal={Finance and stochastics},
    volume={13},
    number={3},
    pages={381--401},
    year={2009},
    publisher={{S}pringer}
}

@article{giles2019sub,
    title={Sub-sampling and other considerations for efficient risk estimation in large portfolios},
    author={Giles, Michael B. and Haji-Ali, Abdul-Lateef},
    journal={ar{X}iv preprint ar{X}iv:1912.05484},
    year={2019}
}

@article{giles2019multilevel_risk,
    title={Multilevel nested simulation for efficient risk estimation},
    author={Giles, Michael B. and Haji-Ali, Abdul-Lateef},
    journal={{SIAM/ASA} journal on uncertainty quantification},
    volume={7},
    number={2},
    pages={497--525},
    year={2019},
    publisher={SIAM}
}
@article{giles2009analysing_mlmc,
    title={Analysing multi-level {M}onte {C}arlo for options with non-globally {L}ipschitz payoff},
    author={Giles, Michael B. and Higham, Desmond J. and Mao, Xuerong},
    journal={Finance and stochastics},
    volume={13},
    number={3},
    pages={403--413},
    year={2009},
    publisher={{S}pringer}
}

@article{giles2009multilevel_qmc,
    title={Multilevel quasi-{M}onte {C}arlo path simulation},
    author={Giles, Michael B. and Waterhouse, Benjamin J.},
    journal={Advanced financial modelling, {R}adon series on computational and applied mathematics},
    volume={8},
    pages={165--181},
    year={2009},
    publisher={{D}e {G}ruyter, {B}erlin}
}

@book{federer2014geometric,
    title={Geometric measure theory},
    author={Federer, Herbert},
    year={1969},
    publisher={Springer}
}

@misc{cornea2015intel,
title = {Reference implementations for {I}ntel architecture approximation instructions {VRCP14}, {VRSQRT14}, {VRCP28}, {VRSQRT28}, and {VEXP2}},
author={Cornea, Marius},
year=2015, 
month = {December},
day = {{28}},
url = {https://software.intel.com/content/www/us/en/develop/articles/reference-implementations-for-ia-approximation-instructions-vrcp14-vrsqrt14-vrcp28-vrsqrt28-vexp2.html},
note = {Accessed on {T}hursday {18} {J}une 2020}
}

@misc{cornea2015arith22_slides,
title = {{I}ntel {AVX-512} instructions and their use in the implementation of math functions},
author={Cornea, Marius},
note = {{ARITH22}: The {22} {IEEE} symposium on computer arithmetic},
year = 2015,
month={June},
day = {{22}}
}

@misc{rau2020half, 
title = {{H}alf 2.1: {IEEE} 754-based half-precision floating-point library},
author={Rau, Christian},
year = 2020, 
url = {http://half.sourceforge.net/},
note = {Version 2.1}
}

@article{shibata2020sleef,
    author={Shibata, Naoki and Petrogalli, Francesco},
    journal={{IEEE} transactions on parallel and distributed systems},
    title={{SLEEF}: a portable vectorized library of {C} standard mathematical functions},
    year={2020},
    volume={31}, 
    number={6}, 
    pages={1316-1327}
}

@article{fousse2007MPFR,
    author = {Fousse, Laurent and Hanrot, Guillaume and Lef\`{e}vre, Vincent and P\'{e}lissier, Patrick and Zimmermann, Paul},
    title = {{MPFR}: a multiple-precision binary floating-point library with correct rounding},
    year = {2007},
    month = {June},
    publisher = {Association for computing machinery},
    volume = {33},
    number = {2},
    journal = {{ACM} transactions on  mathematical software},
    pages = {13--es}
}

@misc{arm2020optimised_routines,
    author={\arm},
    title={{A}rm {O}ptimized {R}outines},
    year=2020,
    url={https://github.com/ARM-software/optimized-routines},
    note={Version 20.05}	
}

@misc{arm2020compute_library,
    author={\arm},
    title={{A}rm {C}ompute {L}ibrary},
    year=2020,
    url={https://github.com/arm-software/ComputeLibrary},
    note={Version 20.05}	
}


@misc{granlund2012gmp,
  title = {{GNU MP}: the {GNU} multiple precision arithmetic library},
  author = {Granlund, Torbj\"{o}rn and {the {GMP} development team}},
  note = 	 {Version 5.0.5},
  year = 	 2012,
  url = {http://gmplib.org/}
}

@misc{amd2013architecture,
    author={AMD},
title = {{AMD64} architecture programmer's manual volume 1: application programming},
volume=1,
year=2013,
month={May},
note= {Publication number 24592, revision 3.20}
}

@inproceedings{krebbers2013aliasing,
    title={Aliasing restrictions of {C11} formalized in {Coq}},
    author={Krebbers, Robbert},
    booktitle={International conference on certified programs and proofs},
    pages={50--65},
    year={2013},
    organization={Springer}
}

@inproceedings{cuoq2017detecting,
    title={Detecting strict aliasing violations in the wild},
    author={Cuoq, Pascal and Runarvot, Lo\"{i}c and Cherepanov, Alexander},
    booktitle={International conference on verification, model checking, and abstract interpretation},
    pages={14--33},
    year={2017},
    organization={Springer}
}

@misc{stallman2020gcc,
author = {Stallman, Richard M. and {the {GCC} developer community}}, 
title = {Using the {GNU} compiler collection},
year = 2020, 
note = {Version 10.1.0},
url={https://gcc.gnu.org/onlinedocs/gcc-10.1.0/gcc/}
}


@inproceedings{mark2012ispc,
    author={Mark, William R. and Pharr, Matt},
    booktitle={2012 innovative parallel computing ({I}n{P}ar)}, 
    title={\texttt{ispc}: A {SPMD} compiler for high-performance {CPU} programming}, 
    year={2012},
    url = {https://github.com/ispc/ispc/},
    pages={1-13}
}

@misc{microsoft2020directxmath,
title = {{DirectXMath}}, 
author ={Microsoft}, 
year = 2020,
url = {https://github.com/Microsoft/DirectXMath},
note={Accessed {T}uesday {8} {S}eptember 2020}
}

@article{elfarissi2010simple,
    title={Simple proof and refinement of {H}ermite-{H}adamard inequality},
    author={el Farissi, Abdallah},
    journal={Journal of mathematical inequalities},
    volume={4},
    number={3},
    pages={365--369},
    year={2010}
}

@article{hadamard1893functions,
    author = {Hadamard, Jacques Salomon},
    year = {1893},
    month = {January},
    pages = {171--215},
    title = {\'{E}tude sur les propri\'{e}t\'{e}s des fonctions enti\'{e}res et en particulier d'une fonction consid\'{e}r\'{e}e par {R}iemann},
    volume = {58},
    journal = {Journal de math\'{e}matiques pures et appliqu\'{e}es}
}

@misc{ipsen2019probabilistic,
    title={Probabilistic error analysis for inner products},
    author={Ipsen, Ilse C.F. and Zhou, Hua},
    year={2019},
    note={{arXiv}:1906.10465}
}

@inproceedings{abdelfattah2019fast,
  title={Fast batched matrix multiplication for small sizes using half-precision arithmetic on {GPU}s},
  author={Abdelfattah, Ahmad and Tomov, Stanimire and Dongarra, Jack},
  booktitle={2019 {IEEE} international parallel and distributed processing symposium ({IPDPS})},
  pages={111--122},
  year={2019},
  organization={{IEEE}}
}

@inproceedings{luszczek2019increasing,
  title={Increasing accuracy of iterative refinement in limited floating-point arithmetic on half-precision accelerators},
  author={Luszczek, Piotr and Yamazaki, Ichitaro and Dongarra, Jack},
  booktitle={2019 {IEEE} high performance extreme computing conference ({HPEC})},
  pages={1--6},
  year={2019},
  organization={{IEEE}}
}

@inproceedings{abdelfattah2019towards,
  title={Towards half-precision computation for complex matrices: a case study for mixed precision solvers on {GPU}s},
  author={Abdelfattah, Ahmad and Tomov, Stanimire and Dongarra, Jack},
  booktitle={2019 {IEEE/ACM} 10th workshop on latest advances in scalable algorithms for large-scale systems ({ScalA})},
  pages={17--24},
  year={2019},
  organization={{IEEE}}
}

@inproceedings{haidar2017investigating,
  title={Investigating half precision arithmetic to accelerate dense linear system solvers},
  author={Haidar, Azzam and Wu, Panruo and Tomov, Stanimire and Dongarra, Jack},
  booktitle={Proceedings of the 8th workshop on latest advances in scalable algorithms for large-scale systems},
  pages={1--8},
  year={2017}
}

@article{higham2019new,
    title={A new approach to probabilistic rounding error analysis},
    author={Higham, Nicholas J. and Mary, Theo},
    journal={{SIAM} journal on scientific computing},
    volume={41},
    number={5},
    pages={{A}2815--{A}2835},
    year={2019},
    publisher={{SIAM}}
}

@article{higham2019exploiting,
    title={Exploiting lower precision arithmetic in solving symmetric positive definite linear systems and least squares problems},
    author={Higham, Nicholas J. and Pranesh, Srikara},
    year={2019},
    journal={{MIMS} preprint}
}

@techreport{carson2020three_precision,
    address =       {UK},
    author =        {Carson, Erin and  Higham, Nicholas J. and
    Pranesh, Srikara},
    institution =   {{M}anchester institute for mathematical sciences, the
    {U}niversity of {M}anchester},
    month =         {February},
    number =        {2020.5},
    pages =         {20},
    type =          {{MIMS} eprint},
    title =         {Three-precision {GMRES}-based iterative refinement
    for least squares problems},
    year =          {2020},
}

@article{blanchard2020class,
    title={A class of fast and accurate summation algorithms},
    author={Blanchard, Pierre and Higham, Nicholas J. and Mary, Theo},
    journal={{SIAM} journal on scientific computing},
    volume={42},
    number={3},
    pages={{A}1541--{A}1557},
    year={2020},
    publisher={{SIAM}}
}

@inproceedings{mcintosh2019scaling,
    title={Scaling results from the first generation of {A}rm-based supercomputers},
    author={McIntosh-Smith, Simon and Price, James and Poenaru, Andrei and Deakin, Tom},
    booktitle={{C}ray user group meeting},
    year={2019}
}

@article{mcintosh2019benchmarking,
    title={Benchmarking the first generation of production quality {A}rm-based supercomputers},
    author={McIntosh-Smith, Simon and Price, James and Poenaru, Andrei and Deakin, Tom},
    journal={Concurrency and computation: practice and experience},
    pages={e5569},
    year={2019},
    publisher={{W}iley online library}
}

@article{mcintosh2019performance,
    title={A performance analysis of the first generation of {HPC}-optimized {A}rm processors},
    author={McIntosh-Smith, Simon and Price, James and Deakin, Tom and Poenaru, Andrei},
    journal={Concurrency and computation: practice and experience},
    volume={31},
    number={16},
    pages={e5110},
    year={2019},
    publisher={Wiley online library}
}

@article{mcintosh2018comparative,
    title={Comparative benchmarking of the first generation of {HPC}-optimised {A}rm processors on {I}sambard},
    author={McIntosh-Smith, Simon and Price, James and Deakin, Tom and Poenaru, Andrei},
    journal={{C}ray user group},
    volume={5},
    year={2018}
}

@inproceedings{amiri2018multi,
    title={Multi-precision convolutional neural networks on heterogeneous hardware},
    author={Amiri, Sam and Hosseinabady, Mohammad and McIntosh-Smith, Simon and Nunez-Yanez, Jose},
    booktitle={2018 design, automation \& test in {E}urope conference \& exhibition ({DATE})},
    pages={419--424},
    year={2018},
    organization={{IEEE}}
}

@article{higham2019squeezing,
    author =        {Higham, Nicholas J.  and Pranesh, Srikara  and
    Zounon, Mawussi},
    journal =       {{SIAM} journal on scientific computing},
    number =        {4},
    pages =         {{A}2536--{A}2551},
    title =         {Squeezing a matrix into half precision, with an
    application to solving linear systems},
    volume =        {41},
    year =          {2019}
}

@book{gamerman2006markov,
    title={{M}arkov chain {M}onte {C}arlo: stochastic simulation for {B}ayesian inference},
    author={Gamerman, Dani and Lopes, Hedibert F.},
    year={2006},
    publisher={{CRC} press}
}

@article{tierney1999adaptive,
    author = {Tierney, Luke and Mira, Antonietta},
    title = {Some adaptive {M}onte {C}arlo methods for {B}ayesian inference},
    journal = {Statistics in medicine},
    volume = {18},
    number = {17‐18},
    pages = {2507-2515},
    year = {1999}
}

@article{geweke1989Bayesian,
    author = {Geweke, John},
    journal = {{E}conometrica},
    number = {6},
    pages = {1317--1339},
    publisher = {{W}iley, econometric society},
    title = {{B}ayesian inference in econometric models using {M}onte {C}arlo integration},
    volume = {57},
    year = {1989}
}



@article{kac1949distributions,
    title={On distributions of certain {W}iener functionals},
    author={Kac, Mark},
    journal={Transactions of the {A}merican mathematical society},
    volume={65},
    number={1},
    pages={1--13},
    year={1949}
}

@article{nakatsukasa2018approximate,
    title={Approximate and integrate: variance reduction in {M}onte {C}arlo integration via function approximation},
    author={Nakatsukasa, Yuji},
    journal={{arXiv} preprint {arXiv}:1806.05492},
    year={2018}
}

@book{davis2007methods,
    title={Methods of numerical integration},
    author={Davis, Philip J. and Rabinowitz, Philip},
    year={2007},
    publisher={{C}ourier corporation}
}

@book{asmussen2007stochastic,
    title={Stochastic simulation: algorithms and analysis},
    author={Asmussen, S{\o}ren and Glynn, Peter W.},
    volume={57},
    year={2007},
    publisher={{S}pringer science \& business media}
}

@article{webb2019pointwise,
    title={Pointwise and uniform convergence of {F}ourier extensions},
    author={Webb, Marcus and Copp\'{e}, Vincent and Huybrechs, Daan},
    journal={Constructive approximation},
    pages={1--37},
    year={2019},
    publisher={Springer}
}

@article{wang2018new,
    title={A new and sharper bound for {L}egendre expansion of differentiable functions},
    author={Wang, Haiyong},
    journal={Applied mathematics letters},
    volume={85},
    pages={95--102},
    year={2018},
    publisher={Elsevier}
}

@article{wang2012convergence,
    title={On the convergence rates of {L}egendre approximation},
    author={Wang, Haiyong and Xiang, Shuhuang},
    journal={Mathematics of computation},
    volume={81},
    number={278},
    pages={861--877},
    year={2012}
}

@article{boyd1989asymptotic,
    title = {The asymptotic {C}hebyshev coefficients for functions with logarithmic endpoint singularities: mappings and singular basis functions},
    journal = "Applied Mathematics and Computation",
    volume = "29",
    number = "1",
    pages = "49 - 67",
    year = "1989",
    author = {Boyd, John P.},
}

@article{dominici2003inverse,
    title={The inverse of the cumulative standard normal probability function},
    author={Dominici, Diego E.},
    journal={Integral transforms and special functions},
    volume={14},
    number={4},
    pages={281--292},
    year={2003},
    publisher={{T}aylor \& {F}rancis}
}

@article{blair1976rational_chebyshev,
    author = {Blair, J. M. and Edwards, C. A. and Johnson, J. H.},
    journal = {Mathematics of computation},
    number = {136},
    pages = {827--830},
    publisher = {{A}merican mathematical society},
    title = {Rational {C}hebyshev approximations for the inverse of the error function},
    volume = {30},
    year = {1976}
}



@inproceedings{inproceedings,
author = {Zlochin, Mark and Baram, Yoram},
year = {2000},
month = {July},
title = {The bias-variance dilemma of the {M}onte {C}arlo method},
journal = {Lecture notes in computer science}
}


@article{kebaier2005statistical,
  title={Statistical {R}omberg extrapolation: a new variance reduction method and applications to option pricing},
  author={Kebaier, Ahmed},
  journal={The annals of applied probability},
  volume={15},
  number={4},
  pages={2681--2705},
  year={2005},
  publisher={Institute of mathematical statistics}
}

@book{rainville1960special,
publisher = {{M}acmillan},
year = {1960},
title = {Special functions},
author = {Rainville, Earl David}
}

@article{xiang2012convergence,
  title={On the convergence rates of {G}auss and {C}lenshaw-{C}urtis quadrature for functions of limited regularity},
  author={Xiang, Shuhuang and Bornemann, Folkmar},
  journal={{SIAM} journal on numerical analysis},
  volume={50},
  number={5},
  pages={2581--2587},
  year={2012},
  publisher={SIAM}
}

@article{ma2018computing,
  title={Computing highly oscillatory integrals},
  author={Ma, Yunyun and Xu, Yuesheng},
  journal={Mathematics of computation},
  volume={87},
  number={309},
  pages={309--345},
  year={2018}
}

@book{deano2017computing,
  title={Computing highly oscillatory integrals},
  author={Dea\~{n}o, Alfredo and Huybrechs, Daan and Iserles, Arieh},
  year={2017},
  publisher={SIAM}
}

@article{strecok1968calculation,
  title={On the calculation of the inverse of the error function},
  author={Strecok, Anthony},
  journal={Mathematics of computation},
  volume={22},
  number={101},
  pages={144--158},
  year={1968}
}

@article{blair1976rational,
  title={Rational {C}hebyshev approximations for the inverse of the error function},
  author={Blair, J. M. and Edwards, C. A. and Johnson, J. H.},
  journal={Mathematics of computation},
  volume={30},
  number={136},
  pages={827--830},
  year={1976}
}


@article{martin1963unitarity,
  title={Unitarity and high-energy behavior of scattering amplitudes},
  author={Martin, Alan D.},
  journal={Physical review},
  volume={129},
  issue={3},
  pages={1432--1436},
  year={1963},
  month={February},
  publisher={{A}merican physical society}
}

@article{lohofer1998inequalities,
  title={Inequalities for the associated {L}egendre functions},
  author={Loh{\"o}fer, Georg},
  journal={Journal of approximation theory},
  volume={95},
  number={2},
  pages={178--193},
  year={1998},
  publisher={Elsevier}
}

@article{lohofer1991inequalities,
  title={Inequalities for {L}egendre functions and {G}egenbauer functions},
  author={Loh{\"o}fer, Georg},
  journal={Journal of approximation theory},
  volume={64},
  number={2},
  pages={226--234},
  year={1991},
  publisher={Elsevier}
}

@article{bernstein1931polynomes,
  title={Sur les polynomes orthogonaux relatifs {\`a} un segment fini (seconde partie)},
  author={Bernstein, Serge},
  journal={Journal de math{\'e}matiques pures et appliqu{\'e}es},
  volume={10},
  pages={219--286},
  year={1931}
}

@book{szego1939orthogonal,
  title={Orthogonal polynomials},
  author={Szeg{\H{o}}, G{\'a}bor},
  volume={23},
  year={1939},
  publisher={{A}merican mathematical society}
}

@book{heine1878handbuch,
  title={Handbuch der kugelfunctionen, theorie und anwendungen (handbook of spherical functions, theory and applications)},
  author={Heine, Eduard},
  volume={1},
  year={1878},
  publisher={{G}.~{R}eimer}
}

@article{pollard1946mean,
  title={The mean convergence of orthogonal series of polynomials},
  author={Pollard, Harry},
  journal={Proceedings of the national academy of sciences of the {U}nited {S}tates of {A}merica},
  volume={32},
  number={1},
  pages={8},
  year={1946},
  publisher={National academy of sciences}
}

@article{pollard1947mean,
  title={The mean convergence of orthogonal series.~{I}},
  author={Pollard, Harry},
  journal={Transactions of the {A}merican mathematical society},
  volume={62},
  number={3},
  pages={387--403},
  year={1947},
  publisher={JSTOR}
}

@article{pollard1948mean,
  title={The mean convergence of orthogonal series.~{II}},
  author={Pollard, Harry},
  journal={Transactions of the {A}merican mathematical society},
  volume={63},
  number={2},
  pages={355--367},
  year={1948}
}

@article{pollard1972convergence,
 author = {Pollard, Harry},
 journal = {Proceedings of the {A}merican mathematical society},
 number = {2},
 pages = {442--444},
 publisher = {{A}merican mathematical society},
 title = {The convergence almost everywhere of {L}egendre series},
volume = {35},
 year = {1972}
}


@article{newman1952mean,
  title={Mean convergence of orthogonal series},
  author={Newman, Jerome and Rudin, Walter},
  journal={Proceedings of the {A}merican mathematical society},
  volume={3},
  number={2},
  pages={219--222},
  year={1952},
  publisher={JSTOR}
}

@article{wing1950mean,
 author = {Wing, George Milton},
 journal = {{A}merican journal of mathematics},
 number = {4},
 pages = {792--808},
 publisher = {{J}ohns {H}opkins {U}niversity press},
 title = {the mean convergence of orthogonal series},
 volume = {72},
 year = {1950}
}




@book{canuto2007spectral,
  title={Spectral methods: fundamentals in single domains},
  author={Canuto, Claudio and Hussaini, Mohammed Yousuff and Quarteroni, Alfio and Zang Jr, Thomas A.},
  year={2007},
  publisher={{S}pringer science \& business media}
}


@misc{border2002differentiating,
  title={Differentiating an integral: {L}eibniz’ rule},
  author={Border, Kim C.},
  journal={{C}alifornia institute of technology, division of the humanities and social sciences. {S}pring},
  pages={1--8},
  year={2002}, 
  note={2016.12.25::15.02, revised {D}ecember 2016.}
}

@book{iserles2009first,
  title={A first course in the numerical analysis of differential equations},
  author={Iserles, Arieh},
  year={1996},
  publisher={{C}ambridge {U}niversity press}
}

@article{waldron1999refinements_peano_kernel,
author = {Waldron, Shayne},
year = {1999},
month = {01},
pages = {147--161},
title = {Refinements of the {P}eano kernel theorem},
volume = {20},
journal = {Numerical functional analysis and optimization}
}

@book{powell1981approximation,
  title={Approximation theory and methods},
  author={Powell, Michael James David},
  year={1981},
  publisher={{C}ambridge {U}niversity press}
}

@misc{binegar1998errors,
    author={Binegar, Birne},
    title={Errors in polynomial interpolation},
    year={1998},
    url={https://math.okstate.edu/people/binegar/4513-F98/4513-l16.pdf},
    note={Lecture notes for {M}ath~4513, {F}all 1998}
}

@book{blundell2014concepts,
  title={Concepts in thermal physics},
  author={Blundell, Stephen J. and Blundell, Katherine M.},
  year={2014},
  publisher={{O}xford {U}niversity press},
  edition={{2}}
}

@article{belomestny2017multilevel,
  title={Multilevel path simulation for weak approximation schemes with application to {L}{\'e}vy-driven {SDE}s},
  author={Belomestny, Denis and Nagapetyan, Tigran},
  journal={{B}ernoulli},
  volume={23},
  number={2},
  pages={927--950},
  year={2017},
  publisher={{B}ernoulli society for mathematical statistics and probability}
}

@inproceedings{giles2018combining,
  title={Combining sparse grids, multilevel {MC} and {QMC} for elliptic {PDE}s with random coefficients},
  author={Giles, Michael B. and Kuo, Frances Y. and Sloan, Ian H.},
  booktitle={International conference on {M}onte {C}arlo and quasi-{M}onte {C}arlo methods in scientific computing 2016},
  pages={265--281},
  year={2018},
  organization={{S}pringer}
}

@article{bakhvalov1964optimal,
  title={Optimal convergence bounds for quadrature processes and integration methods of {M}onte {C}arlo type for classes of functions},
  author={Bakhvalov, Nikolai Sergeevich},
  journal={Zhurnal vychislitel'noi matematiki i matematicheskoi fiziki},
  volume={4},
  number={14},
  pages={5--63},
  year={1964},
  publisher={{R}ussian academy of sciences, branch of mathematical sciences}
}

@article{giles2019random_quadrature,
  title={Random bit quadrature and approximation of distributions on {H}ilbert spaces},
  author={Giles, Michael B. and Hefter, Mario and Mayer, Lukas and Ritter, Klaus},
  journal={Foundations of computational mathematics},
  volume={19},
  number={1},
  pages={205--238},
  year={2019},
  publisher={{S}pringer}
}

@article{giles2019random_multilevel,
  title={Random bit multilevel algorithms for stochastic differential equations},
  author={Giles, Michael B. and Hefter, Mario and Mayer, Lukas and Ritter, Klaus},
  journal={Journal of complexity},
  year={2019},
  publisher={Elsevier}
}

@article{ullmann2015multilevel,
  title={Multilevel estimation of rare events},
  author={Ullmann, Elisabeth and Papaioannou, Iason},
  journal={{SIAM/ASA} journal on uncertainty quantification},
  volume={3},
  number={1},
  pages={922--953},
  year={2015},
  publisher={SIAM}
}

@article{elfverson2016multilevel,
  title={A multilevel {M}onte {C}arlo method for computing failure probabilities},
  author={Elfverson, Daniel and Hellman, Fredrik and M{\aa}lqvist, Axel},
  journal={{SIAM/ASA} journal on uncertainty quantification},
  volume={4},
  number={1},
  pages={312--330},
  year={2016},
  publisher={SIAM}
}

@article{bierig2016approximation,
  title={Approximation of probability density functions by the multilevel {M}onte {C}arlo maximum entropy method},
  author={Bierig, Claudio and Chernov, Alexey},
  journal={Journal of computational physics},
  volume={314},
  pages={661--681},
  year={2016},
  publisher={Elsevier}
}

@article{giles2015multilevel_approximation,
  title={Multilevel {M}onte {C}arlo approximation of distribution functions and densities},
  author={Giles, Michael B. and Nagapetyan, Tigran and Ritter, Klaus},
  journal={{SIAM/ASA} journal on uncertainty quantification},
  volume={3},
  number={1},
  pages={267--295},
  year={2015},
  publisher={SIAM}
}

@article{anderson2014complexity,
  title={Complexity of multilevel {{M}onte {C}arlo} tau-leaping},
  author={Anderson, David F. and Higham, Desmond J. and Sun, Yu},
  journal={{SIAM} journal on numerical analysis},
  volume={52},
  number={6},
  pages={3106--3127},
  year={2014},
  publisher={SIAM}
}

@article{giles2019decision,
  title={Decision-making under uncertainty: using {MLMC} for efficient estimation of {EVPPI}},
  author={Giles, Michael B. and Goda, Takashi},
  journal={Statistics and computing},
  volume={29},
  number={4},
  pages={739--751},
  year={2019},
  publisher={Springer}
}

@article{bujok2015multilevel,
  title={Multilevel simulation of functionals of {B}ernoulli random variables with application to basket credit derivatives},
  author={Bujok, Karolina and Hambly, Ben M. and Reisinger, Christoph},
  journal={Methodology and computing in applied probability},
  volume={17},
  number={3},
  pages={579--604},
  year={2015},
  publisher={Springer}
}

@article{scheichl2017quasi,
  title={Quasi-{M}onte {C}arlo and multilevel {M}onte {C}arlo methods for computing posterior expectations in elliptic inverse problems},
  author={Scheichl, Robert and Stuart, Andrew M. and Teckentrup, Aretha L.},
  journal={{SIAM/ASA} journal on uncertainty quantification},
  volume={5},
  number={1},
  pages={493--518},
  year={2017},
  publisher={SIAM}
}

@article{hoang2013complexity,
  title={Complexity analysis of accelerated {MCMC} methods for {B}ayesian inversion},
  author={Hoang, Viet Ha and Schwab, Christoph and Stuart, Andrew M.},
  journal={Inverse problems},
  volume={29},
  number={8},
  pages={085010},
  year={2013},
  publisher={{IOP} publishing}
}

@article{anderson2012multilevel,
  title={Multilevel {{M}onte {C}arlo} for continuous time {M}arkov chains, with applications in biochemical kinetics},
  author={Anderson, David F. and Higham, Desmond J.},
  journal={Multiscale modeling \& simulation},
  volume={10},
  number={1},
  pages={146--179},
  year={2012},
  publisher={SIAM}
}

@article{giles2012stochastic,
  title={Stochastic finite differences and multilevel {M}onte {C}arlo for a class of {SPDE}s in finance},
  author={Giles, Michael B. and Reisinger, Christoph},
  journal={{SIAM} journal on financial mathematics},
  volume={3},
  number={1},
  pages={572--592},
  year={2012},
  publisher={SIAM}
}

@article{barth2011multi,
  title={Multi-level {M}onte {C}arlo finite element method for elliptic {PDE}s with stochastic coefficients},
  author={Barth, Andrea and Schwab, Christoph and Zollinger, Nathaniel},
  journal={Numerische mathematik},
  volume={119},
  number={1},
  pages={123--161},
  year={2011},
  publisher={Springer}
}

@article{cliffe2011multilevel,
  title={Multilevel {M}onte {C}arlo methods and applications to elliptic {PDE}s with random coefficients},
  author={Cliffe, Andrew K. and Giles, Michael B. and Scheichl, Robert and Teckentrup, Aretha L.},
  journal={Computing and visualization in science},
  volume={14},
  number={1},
  pages={3},
  year={2011},
  publisher={Springer}
}

@inproceedings{kahan1996improbability,
  title={The improbability of probabilistic error analyses for numerical computations},
  author={Kahan, William},
  booktitle={{UCB} statistics colloquium, {E}vans {H}all edition},
  pages={20},
  year={1996}
}

@article{hull1966tests,
 author = {Hull, Thomas E. and Swenson, J. R.},
 title = {Tests of probabilistic models for propagation of roundoff errors},
 journal = {Communications of the {ACM}},
 volume = {9},
 number = {2},
 month = {February},
 year = {1966},
 issn = {0001-0782},
 pages = {108--113},
 publisher = {ACM}
} 

@article{wilkinson1986error,
  title={Error analysis revisited},
  author={Wilkinson, James H.},
  journal={{IMA} bulletin},
  volume={22},
  number={11/12},
  pages={192--200},
  year={1986}
}

@article{wilkinson1984perfidious,
  title={The perfidious polynomial},
  author={Wilkinson, James H.},
  journal={Studies in numerical analysis},
  volume={24},
  pages={1--28},
  year={1984},
  publisher={{MAA} studies in mathematics}
}

@article{wilkinson1974numerical,
  title={Numerical linear algebra on digital computers},
  author={Wilkinson, James H.},
  journal={{IMA} bulletin},
  volume={10},
  number={9/10},
  pages={354--356},
  year={1974}
}

@article{wilkinson1961error,
  title={Error analysis of direct methods of matrix inversion},
  author={Wilkinson, James H.},
  journal={Journal of the {ACM (JACM)}},
  volume={8},
  number={3},
  pages={281--330},
  year={1961},
  publisher={ACM}
}

@incollection{wilkinson1980turing,
  title={{T}uring's work at the national physical laboratory and the construction of pilot {ACE}, {DEUCE}, and {ACE}},
  author={Wilkinson, James H.},
  booktitle={A history of computing in the twentieth century},
  pages={101--114},
  year={1980},
  publisher={Elsevier}
}

@book{darcy2016growth,
  title={On growth and form},
  author={Wentworth Thompson, D'Arcy},
  edition={The complete revised},
  year={2016},
  publisher={{D}over}
}

@misc{sussman2007legendre,
author={Sussman, Mike},
title={{L}egendre polynomials and $ {L}^2 $ approximation},
year=2007,
url={http://www.math.pitt.edu/~sussmanm/2070Fall07/lab_09/lab_09.pdf},
note={Accessed {T}uesday {8} {S}eptember 2020}
}

@book{folland1992fourier,
  title={{Fourier} analysis and its applications},
  author={Folland, Gerald B.},
  year={1992},
  publisher={{W}adsworth \& {B}rooks}
}

@book{vretblad2003fourier,
  title={{F}ourier analysis and its applications},
  author={Vretblad, Anders},
  volume={223},
  year={2003},
  publisher={{S}pringer science \& business media}
}

@misc{driscoll2014chebfun,
  title={{C}hebfun guide},
  author={Driscoll, Tobin A. and Hale, Nicholas and Trefethen, Lloyd N.},
  year={2014},
  note={{P}afnuty publications, {O}xford}
}

@misc{nakatsukasa2020log_singular,
author = {Trefethen, Lloyd N. and Nakatsukasa, Yuji and Weideman, J.A.C.},
title = {Rational approximation of functions with log singularities},
year=2020,
note = {In preparation}
}


@book{trefethen2013approximation,
  title={Approximation theory and approximation practice},
  author={Trefethen, Lloyd N.},
  volume={128},
  year={2013},
  publisher={SIAM}
}

@misc{arm2019writing_inline_sve,
    author={\arm},
    title={Writing inline {SVE} assembly},
    year=2019,
    day=2,
    month={May},
    url={https://developer.arm.com/tools-and-software/server-and-hpc/arm-architecture-tools/documentation/writing-inline-sve-assembly}
}

@article{lecuyer2010distribution,
    title={On the distribution of integration error by randomly-shifted lattice rules},
    author={L’Ecuyer, Pierre and Munger, David and Tuffin, Bruno},
    journal={Electronic journal of statistics},
    volume={4},
    pages={950--993},
    year={2010},
    publisher={The institute of mathematical statistics and the {B}ernoulli society}
}

@misc{bolzano1817rein,
    title = {Pure analytic proof of the doctrine: that between every two worthy of an opposite result, at least a real root of the equation},
    author = {Bolzano, Bernard},
    year = {1817},
    note={Original {G}erman title: rein analytischer beweis des lehrsatzes, da\ss{} zwischen je zwey werthen, die ein entgegengesetzes resultat gew\"{a}hren, wenigstens eine reelle wurzel der gleichung liege}
}

@article{giles2019adaptive,
    title={An adaptive random bit multilevel algorithm for {SDEs}},
    author={Giles, Michael B. and Hefter, Mario and Mayer, Lukas and Ritter, Klaus},
    journal={Multivariate algorithms and information-based complexity},
    month={May},
    day={{18}},
    year={2020},
    pages={15--32},
    publisher={{D}e {G}ruyter}
}

@inproceedings{lecuyer2016randomized,
    title={Randomized quasi-{M}onte {C}arlo: an introduction for practitioners},
    author={L’Ecuyer, Pierre},
    booktitle={International conference on {M}onte {C}arlo and quasi-{M}onte {C}arlo methods in scientific computing},
    pages={29--52},
    year={2016},
    organization={Springer}
}

@article{russ1980translation,
    title={A translation of {B}olzano's paper on the intermediate value theorem},
    author={Russ, Steve B.},
    journal={Historia mathematica},
    volume={7},
    number={2},
    pages={156--185},
    year={1980},
    publisher={Elsevier}
}

@article{keilson1974mixtures,
    author = {Keilson, Julian and Steutel, F. W.},
    journal = {The annals of probability},
    number = {1},
    pages = {112--130},
    publisher = {Institute of mathematical statistics},
    title = {Mixtures of distributions, moment inequalities and measures of exponentiality and normality},
    volume = {2},
    year = {1974}
}


@misc{stephens2014mathematical,
    author={Stephens, David A.},
    title={556: mathematical statistics~{I}},
    year=2014,
    note={{M}c{G}ill {U}niversity}
}

@misc{heinonen2005lectures,
    title={Lectures on {L}ipschitz analysis},
    author={Heinonen, Juha},
    number={100},
    year={2005},
    note={{U}niversity of {J}yv{\"a}skyl{\"a}}
}

@article{barcenas2000fundamental,
    title={The fundamental theorem of calculus for {L}ebesgue integral},
    author={B{\'a}rcenas, Di{\'o}medes},
    journal={Divulgaciones matem{\'a}ticas},
    volume={8},
    number={1},
    pages={75--85},
    year={2000},
    publisher={La {U}niversidad del {Z}ulia}
}

@article{botsko1991fundamental,
    title={A fundamental theorem of calculus that applies to all {R}iemann integrable functions},
    author={Botsko, Michael W.},
    journal={Mathematics magazine},
    volume={64},
    number={5},
    pages={347--348},
    year={1991},
    publisher={Mathematical association of {A}merica}
}

@book{knuth1984texbook,
    title={The \TeX{} book},
    author={Knuth, Donald E.},
    volume={3},
    year={1984},
    publisher={{A}ddison-{W}esley, {R}eading},
    note={Corrections known in 2017}
}

@book{doob1980gentle,
    title={A gentle introduction to \TeX{}},
    author={Doob, Michael},
    year={1980},
    publisher={\TeX{} users group}
}

@inproceedings{reguly2017beyond,
    title={Beyond 16{GB}: out-of-core stencil computations},
    author={Reguly, Ist{\'a}n Z. and Mudalige, Gihan R. and Giles, Michael B.},
    booktitle={Proceedings of the workshop on memory centric programming for {HPC}},
    pages={20--29},
    year={2017},
    month={October},
    day={26},
    organization={{ACM}}
}

@article{reguly2017loop,
    author    = {Reguly, Istv\'{a}n Z. and Mudalige, Gihan R. and Giles, Michael B.},
    title     = {Loop tiling in large-scale stencil codes at run-time with {OPS}},
    journal   = {{CoRR}},
    volume    = {abs/1704.00693},
    year      = {2017},
    month = {June},
    day = {26}
}

@article{muller2015improving,
    author = {M\"{u}ller, Eike H. and Scheichl, Rob and Shardlow, Tony},
    title = {Improving multilevel {M}onte {C}arlo for stochastic differential equations with application to the {L}angevin equation},
    volume = {471},
    number = {2176},
    year = {2015},
    publisher = {The royal society},
    journal = {Proceedings of the royal society of {L}ondon {A}: mathematical, physical and engineering sciences}
}

@article{muller1958inverse,
 author = {Muller, Mervin E.},
 journal = {Mathematical tables and other aids to computation},
 number = {63},
 pages = {167--174},
 publisher = {{A}merican mathematical society},
 title = {An inverse method for the generation of random normal deviates on large-scale computers},
 volume = {12},
 year = {1958}
}

@misc{andersen2001extended,
    title={Extended {LIBOR} market models with stochastic volatility},
    author={Andersen, Leif B.G. and Brotherton-Ratcliffe, Rupert},
    journal={Journal of computational finance},
    volume={9},
    number={1},
    year={2005}
}

@article{giles2014antithetic,
    title={Antithetic multilevel {{M}onte {C}arlo} estimation for multi-dimensional {SDE}s without {L}\'{e}vy area simulation},
    author={Giles, Michael B. and Szpruch, Lukasz},
    journal={The annals of applied probability},
    volume={24},
    number={4},
    pages={1585--1620},
    year={2014},
    publisher={Institute of mathematical statistics}
}

@article{krumscheid2018multilevel,
    title={Multilevel {{M}onte {C}arlo} approximation of functions},
    author={Krumscheid, Sebastian and Nobile, Fabio},
    journal={{SIAM/ASA} journal on uncertainty quantification},
    volume={6},
    number={3},
    pages={1256--1293},
    year={2018},
    publisher={{SIAM}}
}

@article{haji2016multi,
    title={{Multi-index {M}onte {C}arlo}: when sparsity meets sampling},
    author={Haji-Ali, Abdul-Lateef and Nobile, Fabio and Tempone, Ra{\'u}l},
    journal={Numerische mathematik},
    volume={132},
    number={4},
    pages={767--806},
    year={2016},
    publisher={Springer}
}

@article{collier2015continuation,
    author={Collier, Nathan and Haji-Ali, Abdul-Lateef and Nobile, Fabio and von Schwerin, Erik and Tempone, Ra{\'u}l},
    title={A continuation multilevel {{M}onte {C}arlo} algorithm},
    journal={{BIT} numerical mathematics},
    year={2015},
    month={June},
    day={01},
    volume={55},
    number={2},
    pages={399--432}
}



@inproceedings{tang1991table,
    title={Table-lookup algorithms for elementary functions and their error analysis},
    author={Tang, Ping Tak Peter},
    booktitle={{10} {IEEE} symposium on computer arithmetic, 1991 proceedings},
    pages={232--236},
    year={1991},
    organization={{IEEE}}
}

@misc{ieee1985ieee,
    title={{IEEE} standard for binary floating-point arithmetic},
    author={{IEEE}},
    note={Computer society standards committee. {W}orking group of the microprocessor standards subcommittee},
    year={1985},
    organization={Institute of electrical and electronic engineers}
}

@misc{ieee2008ieee,
    title={{IEEE} standard for binary floating-point arithmetic},
    author={{IEEE}},
    note={Computer society standards committee. {W}orking group of the microprocessor standards subcommittee},
    year={2008},
    organization={Institute of electrical and electronic engineers},
doi={10.1109/IEEESTD.2008.4610935}
}

@article{zuras2008ieee,
    title={{IEEE} standard for floating-point arithmetic},
    author={Zuras, Dan and Cowlishaw, Mike and Aiken, Alex and Applegate, Matthew and Bailey, David and Bass, Steve and Bhandarkar, Dileep and Bhat, Mahesh and Bindel, David and Boldo, Sylvie and others},
    journal={{IEEE} standard 754-2008},
    pages={1--70},
    year={2008},
    publisher={IEEE}
}

@article{bakhvalov2015approximate,
    title = {On the approximate calculation of multiple integrals},
    journal = {Journal of complexity},
    volume = {31},
    number = {4},
    pages = {502 - 516},
    year = {2015},
    author = {Bakhvalov, Nikolai Sergeevich}
}

@book{villani2008optimal,
    title={Optimal transport: old and new},
    author={Villani, C{\'e}dric},
    volume={338},
    year={2008},
    publisher={Springer science \& business media}
}

@article{parlett1965matrix,
    author = {Parlett, Beresford},
    journal = {The {American} mathematical monthly},
    number = {2},
    pages = {59--66},
    publisher = {Mathematical association of {A}merica},
    title = {Matrix eigenvalue problems},
    volume = {72},
    year = {1965}
}

@article{moler1995tale,
    title={A tale of two numbers},
    author={Moler, Cleve},
    journal={{SIAM} news},
    volume={28},
    number={1},
    pages={16--16},
    year={1995}
}


@misc{hildebrand1974introduction,
    title={Introduction to numerical analysis},
    author={Hildebrand, Francis B.},
    series={International series in pure and applied mathematics},
    year={1974},
    publisher={{M}c{G}raw-{H}ill, {N}ew {Y}ork}
}

@book{higham2002accuracy,
    title={Accuracy and stability of numerical algorithms},
    author={Higham, Nicholas J.},
    volume={80},
    year={2002},
    publisher={SIAM},
    edition={{2}}
}

@article{burgess2018high,
    title={High-precision anchored accumulators for reproducible floating-point summation},
    author={Burgess, Neil and Goodyer, Chris and Hinds, Chris and Lutz, David},
    journal={{IEEE} transactions on computers},
    year={2018},
    publisher={{IEEE}}
}

@inproceedings{ho2017exploiting,
    author={Ho, Nhut-Minh and Wong, Weng-Fai},
    booktitle={2017 {IEEE} high performance extreme computing conference ({HPEC})}, 
    title={Exploiting half precision arithmetic in {N}vidia {GPU}s}, 
    year={2017},  
    pages={1--7}, 
    month={September}
}

@incollection{kloeden2013convergence,
    title={Convergence of numerical methods for stochastic differential equations in mathematical finance},
    author={Kloeden, Peter and Neuenkirch, Andreas},
    booktitle={Recent developments in computational finance: foundations, algorithms and applications},
    pages={49--80},
    year={2013},
    publisher={World scientific}
}

@article{lord2010comparison,
    author={Lord, Roger and Koekkoek, Remmert and van Dijk, Dick},
    title = {A comparison of biased simulation schemes for stochastic volatility models},
    journal = {Quantitative finance},
    volume = {10},
    number = {2},
    series={},
    pages = {177-194},
    year  = {2010},
    publisher = {Routledge}
}


@article{arciniega2003rounding,
    author={Arciniega, Armando and Allen, Edward},
    title = {Rounding error in numerical solution of stochastic differential equations},
    journal = {Stochastic analysis and applications},
    volume = {21},
    number = {2},
    pages = {281--300},
    year  = {2003},
    publisher = {{Taylor \& Francis}}
}


@inproceedings{schryver2013multi,
  title={A multi-level {M}onte {C}arlo {FPGA} accelerator for option pricing in the {H}eston model},
  author={de Schryver, Christian and Torruella, Pedro and Wehn, Norbert},
  booktitle={2013 design, automation \& test in {E}urope conference \& exhibition},
  pages={248--253},
  year={2013},
  organization={IEEE}
}


@misc{andersen2007efficient,
    title={Efficient simulation of the {Heston} stochastic volatility model},
    author={Andersen, Leif},
    year={2007},
    month={{January}},
    day=23
}

@misc{zheng2018multi,
    title={Multi-level {{M}onte {C}arlo} simulation for the {Heston} stochastic volatility model},
    author={Zheng, Chao},
    year={2018},
    month={{June}},
    day=27
}

@article{owen1997scrambled_net_quadrature,
    author = {Owen, Art B.},
    journal = {{SIAM} journal on numerical analysis},
    number = {5},
    pages = {1884--1910},
    publisher = {Society for industrial and applied mathematics},
    title = {{M}onte {C}arlo variance of scrambled net quadrature},
    volume = {34},
    year = {1997}
}

@article{matouvsek1998thel2discrepancy,
    title={On the $ {L}_2 $-discrepancy for anchored boxes},
    author={Matou{\v{s}}ek, Ji{\v{r}}{\'i}},
    journal={Journal of complexity},
    volume={14},
    number={4},
    pages={527--556},
    year={1998},
    publisher={Elsevier}
}


@article{kocis1997computational,
    title={Computational investigations of low-discrepancy sequences},
    author={Kocis, Ladislav and Whiten, William J.},
    journal={{ACM} transactions on mathematical software ({TOMS})},
    volume={23},
    number={2},
    pages={266--294},
    year={1997},
    publisher={{ACM}}
}

@article{gillespie2007stochastic_chemical,
    author={Gillespie, Daniel T.},
    title={Stochastic simulation of chemical kinetics},
    journal={Annual review of physical chemistry},
    volume={58},
    number={1},
    pages={35-55},
    year={2007}
}


@article{cox1985theory,
    title={A theory of the term structure of interest rates},
    author={Cox, John C. and Ingersoll Jr, Jonathan E. and Ross, Stephen A.},
    journal={Econometrica},
    pages={385--408--164},
    year={1985},
    volume=53,
    number=2,
    month={March}
}

@article{heinrich1998monte,
    title={{{M}onte {C}arlo} complexity of global solution of integral equations},
    author={Heinrich, Stefan},
    journal={Journal of complexity},
    volume={14},
    number={2},
    pages={151--175},
    year={1998}
}

@article{giles2015multilevel_review, 
    title={Multilevel {{M}onte {C}arlo} methods}, 
    volume={24}, 
    journal={Acta numerica}, 
    publisher={{C}ambridge {U}niversity press}, 
    author={Giles, Michael B.}, 
    year={2015}, 
    pages={259–328}
}

@article{black1973pricing,
  title={The pricing of options and corporate liabilities},
  author={Black, Fischer and Scholes, Myron},
  journal={Journal of political economy},
  volume={81},
  number={3},
  pages={637--654},
  year={1973},
  publisher={The {U}niversity of {C}hicago press}
}

@inproceedings{giles2013multilevel,
    author={Giles, Michael B.},
    title={Multilevel {{M}onte {C}arlo} methods},
    booktitle={{{M}onte {C}arlo} and quasi-{{M}onte {C}arlo} methods 2012},
    year={2013},
    publisher={{S}pringer {B}erlin {H}eidelberg},
    pages={83--103}
}

@inproceedings{brugger2014mixed,
    title={Mixed precision multilevel {{M}onte {C}arlo} on hybrid computing systems},
    author={Brugger, Christian and de Schryver, Christian and Wehn, Norbert and Omland, Steffen and Hefter, Mario and Ritter, Klaus and Kostiuk, Anton and Korn, Ralf},
    booktitle={2104 {IEEE} conference on computational intelligence for financial engineering \& economics ({CIFEr})},
    pages={215--222},
    year={2014},
    organization={{IEEE}}
}

@misc{omland2016mixed,
    title={Mixed precision multilevel {{M}onte {C}arlo} algorithms for reconfigurable computing systems},
    author={Omland, Steffen},
    year={2016},
    month={June},
    day={3},
    note={{PhD} thesis/dissertation, {D}~386, {T}echnische {U}niversit\"{a}t {K}aiserslautern ({TUK})}
}

@incollection{omland2015exploiting,
    title={Exploiting mixed-precision arithmetics in a multilevel {{M}onte {C}arlo} approach on {FPGAs}},
    author={Omland, Steffen and Hefter, Mario and Ritter, Klaus and Brugger, Christian and De Schryver, Christian and Wehn, Norbert and Kostiuk, Anton},
    booktitle={{FPGA} based accelerators for financial applications},
    pages={191--220},
    year={2015},
    publisher={Springer}
}

@book{lord2014introduction,
    title={An introduction to computational stochastic {PDEs}},
    author={Lord, Gabriel J. and Powell, Catherine E. and Shardlow, Tony},
    year={2014},
    publisher={{C}ambridge {U}niversity press}
}

@inproceedings{burkholder1972integral,
    title={Integral inequalities for convex functions of operators on martingales},
    author={Burkholder, Donald L. and Davis, Burgess J. and Gundy, Richard F.},
    booktitle={Proceedings of the sixth {Berkeley} symposium on mathematical statistics and probability},
    volume={2},
    pages={223--240},
    year={1972}
}

@book{dasgupta2011probability,
    title={Probability for statistics and machine learning: fundamentals and advanced topics},
    author={DasGupta, Anirban},
    year={2011},
    publisher={Springer science \& business media}
}

@misc{balachandran2008fundamentals,
    title={Fundamental inequalities, convergence and the optional stopping theorem for continuous-time martingales},
    author={Balachandran, Prakash},
    year=2008,
    month={April},
    day=2,
    institution={{D}uke {U}niversity}
}

@article{giles2016inverse_poisson,
    title={Algorithm 955: approximation of the inverse {P}oisson cumulative distribution function},
    author={Giles, Michael B.},
    journal={{ACM} transactions on mathematical software ({TOMS})},
    volume={42},
    number={1},
    pages={7},
    year={2016},
    publisher={{ACM}}
}


@inproceedings{langou2006exploiting,
    title={Exploiting the performance of 32 bit floating point arithmetic in obtaining 64 bit accuracy (revisiting iterative refinement for linear systems)},
    author={Langou, Julie and Langou, Julien and Luszczek, Piotr and Kurzak, Jakub and Buttari, Alfredo and Dongarra, Jack},
    booktitle={{SC}'06: proceedings of the 2006 {{ACM}/{IEEE}} conference on supercomputing},
    pages={50--50},
    year={2006},
    organization={{IEEE}}
}

@book{hennessy2011computer,
    title={Computer architecture: a quantitative approach},
    author={Hennessy, John L. and Patterson, David A.},
    year={2011},
    publisher={Elsevier}
}

@article{ramshaw1981discrepancy,
    title={On the discrepancy of the sequence formed by the multiples of an irrational number},
    author={Ramshaw, Lyle},
    journal={Journal of number theory},
    volume={13},
    number={2},
    pages={138--175},
    year={1981},
    publisher={Elsevier}
}

@incollection{ramamoorthy2008low,
    title={Low-discrepancy curves and efficient coverage of space},
    author={Ramamoorthy, Subramanian and Rajagopal, Ram and Ruan, Qing and Wenzel, Lothar},
    booktitle={Algorithmic foundation of robotics~{VII}},
    pages={203--218},
    year={2008},
    publisher={Springer}
}

@ARTICLE{cheung2007hardware,
  author={Cheung, Ray C. C. and Lee, Dong-U and Luk, Wayne and Villasenor, John D.},
  journal={{IEEE} Transactions on Very Large Scale Integration ({VLSI}) Systems}, 
  title={Hardware Generation of Arbitrary Random Number Distributions From Uniform Distributions Via the Inversion Method}, 
  year={2007},
  volume={15},
  number={8},
  pages={952-962}
}


@misc{iaco2015low,
    title={Low-discrepancy sequences: theory and applications},
    author={Iac\`{o}, Maria Rita},
    note={PhD thesis, {T}echnische {U}niversit\"{a}t {G}raz, {arXiv} preprint {arXiv}:1502.04897},
    year={2015},
    month={February},
    day=17
}

@incollection{goda2016mean,
    title={The mean square {quasi-{M}onte {C}arlo} error for digitally shifted digital nets},
    author={Goda, Takashi and Ohori, Ryuichi and Suzuki, Kosuke and Yoshiki, Takehito},
    booktitle={{{M}onte {C}arlo} and {quasi-{M}onte {C}arlo} methods},
    pages={331--350},
    year={2016},
    publisher={Springer}
}

@article{tezuka2011discrepancy,
    title={Discrepancy between {QMC} and {RQMC},~{II}},
    author={Tezuka, Shu},
    journal={Uniform distribution theory},
    volume={6},
    number={1},
    pages={57--64},
    year={2011}
}

@misc{overton1996floating,
    title={Floating point representation},
    author={Overton, Michael L.},
    year={1996},
    url={http://eaton.math.rpi.edu/CourseMaterials/Fall01/KU4800/Misc/overton.pdf},
    note={An unpublished note, accessed {T}uesday {8} {S}eptember 2020}
}

@inproceedings{chi2005scrambled,
    title={On the scrambled {S}obol sequence},
    author={Chi, Hongmei and Beerli, Peter and Evans, Deidre W. and Mascagni, Michael},
    booktitle={International conference on computational science},
    pages={775--782},
    year={2005},
    organization={Springer}
}

@misc{shaw2009differential,
    title={Differential equations for {{M}onte {C}arlo} recycling and a {GPU}-optimized normal quantile},
    author={Shaw, William T. and Brickman, Nick},
    year={2009}
}

@misc{berger2015high,
    title={High performance histograms on {SIMT} and {SIMD} architectures},
    author={Berger, M.E.R.},
    year={2015},
    month={December},
    note={Master's thesis, in computer science, {D}elft {U}niversity of technology}
}

@inproceedings{dalal2008low,
    title={Low discrepancy sequences for {{M}onte {C}arlo} simulations on reconfigurable platforms},
    author={Dalal, Ishaan L. and Stefan, Deian and Harwayne-Gidansky, Jared},
    booktitle={International conference on application-specific systems, architectures and processors, {ASAP} 2008},
    pages={108--113},
    year={2008},
    organization={{IEEE}}
}

@article{higham2002strong,
    title={Strong convergence of {Euler}-type methods for nonlinear stochastic differential equations},
    author={Higham, Desmond J. and Mao, Xuerong and Stuart, Andrew M.},
    journal={{SIAM} journal on numerical analysis},
    volume={40},
    number={3},
    pages={1041--1063},
    year={2002},
    publisher={{SIAM}}
}

@article{platen1999introduction,
    title={An introduction to numerical methods for stochastic differential equations},
    author={Platen, Eckhard},
    journal={Acta numerica},
    volume={8},
    pages={197--246},
    year={1999},
    publisher={{C}ambridge {U}niversity press}
}

@book{iacus2009simulation,
    title={Simulation and inference for stochastic differential equations: with {R} examples},
    author={Iacus, Stefano M.},
    year={2009},
    publisher={Springer science \& business media}
}

@inproceedings{lee2017vectorized,
    title={Vectorized production path tracing},
    author={Lee, Mark and Green, Brian and Xie, Feng and Tabellion, Eric},
    booktitle={Proceedings of high performance graphics},
    pages={10},
    year={2017},
    organization={{ACM}}
}

@book{dieudonne1969foundations,
    title={Foundations of modern analysis},
    author={Dieudonn\'{e}, Jean},
    volume=10,
    edition={Enlarged and corrected printing},
    series={Pure and applied mathematics},
    year={1969},
    publisher={Academic press}
}

@misc{holte2009discrete,
    title={Discrete {G}ronwall lemma and applications},
    author={Holte, John M.},
    year=2009,
    month={October},
    day={24},
    url={http://homepages.gac.edu/~holte/publications/GronwallLemma.pdf},
    note={Accessed {T}uesday {8} {S}eptember 2020}
}

@misc{hunter2014measure,
title={Measure theory},
author={Hunter, John K.},
institution={Department of mathematics, {U}niversity of {C}alifornia at {D}avis},
year=2014,
url={https://www.math.ucdavis.edu/~hunter/measure_theory/measure_notes.pdf},
note={Accessed {T}uesday {8} {S}eptember 2020}
}


@book{klebaner2012introduction,
    title={Introduction to stochastic calculus with applications},
    author={Klebaner, Fima C.},
    year={2012},
    publisher={{I}mperial {C}ollege press},
    edition={{3}}
}

@book{platen2010numerical,
    title={Numerical solution of stochastic differential equations with jumps in finance},
    author={Platen, Eckhard and Bruti-Liberati, Nicola},
    year=2010,
    publisher={Springer},
    volume=64,
    series={Stochastic modelling and applied probability}
}

@misc{jahnke2017numerical,
    title={Numerical methods in mathematical finance},
    author={Jahnke, Tobias},
    year={2017},
    month={February},
    day={10},
    note={{K}arlsruhe institute of technology}
}

@misc{larsen2000exploiting,
    title={Exploiting superword level parallelism with multimedia instruction sets},
    author={Larsen, Samuel and Amarasinghe, Saman},
    volume={35},
    number={5},
    year={2000},
    publisher={{ACM}}
}

@book{kloeden1999numerical,
    title={Numerical solution of stochastic differential equations},
    author={Kloeden, Peter E. and Platen, Eckhard},
    series={Stochastic modelling and applied probability},
    volume=23,
    year=1999,
    note={Corrected {3}rd printing},
    publisher={Springer}
}

@book{bouleau1994numerical,
    title={Numerical methods for stochastic processes},
    author={Bouleau, Nicolas and Lepingle, Dominique},
    volume={273},
    year={1994},
    publisher={John Wiley \& sons}
}

@article{higham2001algorithmic,
    title={An algorithmic introduction to numerical simulation of stochastic differential equations},
    author={Higham, Desmond J.},
    journal={{SIAM} review},
    volume={43},
    number={3},
    pages={525--546},
    year={2001},
    publisher={{SIAM}}
}

@inproceedings{pharr2012ispc,
    title={\texttt{ispc}: A {SPMD} compiler for high-performance {CPU} programming},
    author={Pharr, Matt and Mark, William R.},
    booktitle={Innovative parallel computing ({InPar}), 2012},
    pages={1--13},
    year={2012},
    organization={{IEEE}}
}

@article{xu2015high,
    title={High-performance financial simulation using randomized quasi-{{M}onte {C}arlo} methods},
    author={Xu, Linlin and \"{O}kten, Giray},
    journal={Quantitative finance},
    volume={15},
    number={8},
    pages={1425--1436},
    year={2015},
    publisher={Taylor \& Francis}
}

@inproceedings{tan1997applications,
    title={Applications of scrambled low discrepancy sequences to exotic options},
    author={Tan, Ken Seng and Boyle, Phelim P.},
    booktitle={International {AFIR} colloquium proceedings},
    year={1997}
}

@article{tan2000applications,
    title={Applications of randomized low discrepancy sequences to the valuation of complex securities},
    author={Tan, Ken Seng and Boyle, Phelim P.},
    journal={Journal of economic dynamics and control},
    volume={24},
    number={11-12},
    pages={1747--1782},
    year={2000},
    publisher={Elsevier}
}

@article{struckmeier1995fast,
    title={Fast generation of low-discrepancy sequences},
    author={Struckmeier, Jens},
    journal={Journal of computational and applied mathematics},
    volume={61},
    number={1},
    pages={29--41},
    year={1995},
    publisher={Elsevier}
}

@misc{nag2017mark26,
    title={{NAG} library manual, mark 26},
    author={{NAG}},
    version={26},
    year=2017,
url={https://www.nag.com/numeric/nl/nagdoc_26/}
}

@article{scipy2020scipy,
  author  = {Virtanen, Pauli and Gommers, Ralf and Oliphant, Travis E. and
            Haberland, Matt and Reddy, Tyler and Cournapeau, David and
            Burovski, Evgeni and Peterson, Pearu and Weckesser, Warren and
            Bright, Jonathan and {van der Walt}, St{\'e}fan J. and
            Brett, Matthew and Wilson, Joshua and Millman, K. Jarrod and
            Mayorov, Nikolay and Nelson, Andrew R. J. and Jones, Eric and
            Kern, Robert and Larson, Eric and Carey, C J and
            Polat, {\.I}lhan and Feng, Yu and Moore, Eric W. and
            {VanderPlas}, Jake and Laxalde, Denis and Perktold, Josef and
            Cimrman, Robert and Henriksen, Ian and Quintero, E. A. and
            Harris, Charles R. and Archibald, Anne M. and
            Ribeiro, Ant{\^o}nio H. and Pedregosa, Fabian and
            {van Mulbregt}, Paul and {the SciPy 1.0 contributors} and others},
  title   = {{{SciPy} 1.0: fundamental algorithms for scientific
            computing in {P}ython}},
  journal = {{N}ature methods},
  year    = {2020},
  volume  = {17},
  pages   = {261--272}
}
    

@article{bratley1988algorithm,
    title={Algorithm 659: implementing {S}obol's quasirandom sequence generator},
    author={Bratley, Paul and Fox, Bennett L.},
    journal={{ACM} transactions on mathematical software ({TOMS})},
    volume={14},
    number={1},
    pages={88--100},
    year={1988},
    publisher={{ACM}}
}

@article{bratley1994programs,
    title={Programs to generate {Niederreiter's} low-discrepancy sequences},
    author={Bratley, Paul and Fox, Bennett L. and Niederreiter, Harald},
    journal={{ACM} transactions on mathematical software ({TOMS})},
    volume={20},
    number={4},
    pages={494--495},
    year={1994},
    publisher={{ACM}}
}

@article{fox1986algorithm,
    title={Algorithm 647: implementation and relative efficiency of quasirandom sequence generators},
    author={Fox, Bennett L.},
    journal={{ACM} transactions on mathematical software ({TOMS})},
    volume={12},
    number={4},
    pages={362--376},
    year={1986},
    publisher={{ACM}}
}

@book{knuth1973searching,
    title={The art of computer programming: searching and sorting},
    author={Knuth, Donald E.},
    year={1973},
    publisher={{Reading}, {MA}, {A}ddison-{W}esley},
    volume=3
}

@book{campbell2003history,
    title={The history of mathematical tables: from {S}umer to spreadsheets},
    author={Campbell-Kelly, Martin},
    year={2003},
    publisher={{O}xford {U}niversity press}
}

@misc{briggs1617logarithmorum, 
    author={Briggs, Henry},
    title={Logarithmorum chilias prima},
    note={{L}ondon},
    year={1617}
}
 
@misc{roegel2010reconstruction,
    title={A reconstruction of {B}riggs' {L}ogarithmorum chilias prima (1617)},
    author={Roegel, Denis},
    year={2010}
}

@book{shonkwiler_lefton_2006, 
    title={An introduction to parallel and vector scientific computation}, 
    author={Shonkwiler, Ronald W. and Lefton, Lew}, 
    series={{C}ambridge texts in applied mathematics}, 
    publisher={Cambridge {U}niversity press}, 
    year={2006}
}

@misc{moshier1992cephes,
	title={{C}ephes mathematical library},
	author={Moshier, Stephen L.},
	url={http://www.netlib.org/cephes/},
	year={1992},
   	note={Accessed {T}uesday {8} {S}eptember 2020}
}

@misc{galassi2017gsl,
	author={Galassi, Mark and Davies, Jim and Theiler, James and Gough, Brian  and Jungman, Gerard and Alken, Patrick and Booth, Michael and Rossi, Fabrice  and Ulerich, Rhys and others},
	title={{GNU} scientific library 2.4},
	year={2017},
	month={June},
	day={{14}}
}

@misc{fog2018instruction,
	title={Instruction tables: lists of instruction latencies, throughputs and micro-operation breakdowns for {I}ntel, {AMD} and {VIA} {CPU}s},
	author={Fog, Agner},
	year={2018},
    url={https://www.agner.org/optimize/instruction_tables.pdf},
	note={Updated {9} {April} 2018, {C}openhagen {U}niversity college of engineering}
}

@article{wittmann2015short,
	title={Short note on costs of floating point operations on current x86-64 architectures: Denormals, overflow, underflow, and division by zero},
	author={Wittmann, Markus and Zeiser, Thomas and Hager, Georg and Wellein, Gerhard},
	journal={{arXiv} preprint {arXiv}:1506.03997},
	year={2015}
}

@book{press2007numerical,
    title={Numerical recipes in {C}},
    author={Press, William H. and Teukolsky, Saul A. and Vetterling, William T. and Flannery, Brian P.},
    year={2007},
    publisher={Cambridge {U}niversity press},
    edition={{3}}
}

@article{joy1996quasi,
	title={{Quasi-{M}onte {C}arlo} methods in numerical finance},
	author={Joy, Corwin and Boyle, Phelim P. and Tan, Ken Seng},
	journal={Management science},
	volume={42},
	number={6},
	pages={926--938},
	year={1996},
	publisher={{INFORMS}}
}

@article{box1958note,
  title={A note on the generation of random normal deviates},
  author={Box, George E.P. and Muller, Mervin E.},
  journal={The annals of mathematical statistics},
  volume={29},
  pages={610--611},
  year={1958}
}

@article{marsaglia2000ziggurat,
  title={The {Z}iggurat method for generating random variables},
  author={Marsaglia, George and Tsang, Wai Wan},
  journal={Journal of statistical software},
  volume={5},
  number={1},
  pages={1--7},
  year={2000}
}

@article{marsaglia1964convenient,
author = {Marsaglia, George and Bray, T.A.},
title = {A Convenient Method for Generating Normal Variables},
journal = {SIAM Review},
volume = {6},
number = {3},
pages = {260-264},
year = {1964}
}

@article{giles2020approximate,
title={Analysis of nested multilevel {M}onte {C}arlo
using approximate normal random variables},
author = {Giles, Michael B. and Sheridan-Methven, Oliver},
journal = {SIAM/ASA Journal on Uncertainty Quantification},
volume = {10},
number = {1},
pages = {200-226},
year = {2022}
}

@misc{sheridanmethven2020rounding,
      title={Rounding error using low precision approximate random variables}, 
      author={Sheridan-Methven, Oliver and Giles, Michael B.},
      year={2020},
      eprint={2012.09739},
      archivePrefix={arXiv},
      primaryClass={math.NA},
      url={https://arxiv.org/abs/2012.09739}
}

@misc{sheridan2020nested,
title={Nested multilevel {M}onte {C}arlo methods and a modified {E}uler-{M}aruyama scheme utilising approximate {G}aussian random variables suitable for vectorised hardware and low-precisions},
author={Sheridan-Methven, Oliver},
year=2021,
note={{DP}hil thesis, {M}athematical {I}nstitute, {U}niversity of {O}xford.}
}




@misc{sheridan2020approximate_random,
title={Getting started with approximate random variables: a brief guide for practitioners},
author={Sheridan-Methven, Oliver},
year=2020,
url={https://github.com/oliversheridanmethven/approximate_random_variables},
note={GitHub repository}
}

@misc{sheridan2020approximate_inverse,
title={Approximating inverse cumulative distribution functions},
author={Sheridan-Methven, Oliver},
year=2020,
url={https://github.com/oliversheridanmethven/approximating_inverse_cumulative_distribution_functions},
note={GitHub repository}
}

@book{seydel2006tools,
	title={Tools for computational finance},
	author={Seydel, R{\"u}diger},
	volume={3},
	year={2006},
	publisher={Springer}
}

@article{knuth1974structured,
	title={Structured programming with \texttt{goto} statements},
	author={Knuth, Donald E.},
	journal={{ACM} computing surveys ({CSUR})},
	volume={6},
	number={4},
	pages={261--301},
	year={1974},
	publisher={{ACM}}
}

@mastersthesis{foik2015energy,
	title={Energy efficient true random number generator},
	author={Foik, Conrad Georg},
	year={2015},
	school={{NTNU}}
}

@article{giles2008multilevel,
	title={Multilevel {{M}onte {C}arlo} path simulation},
	author={Giles, Michael B.},
	journal={Operations research},
	volume={56},
	number={3},
	pages={607--617},
	year={2008},
	publisher={{INFORMS}}
}

@book{tucker2011validated,
	title={Validated numerics: a short introduction to rigorous computations},
	author={Tucker, Warwick},
	year={2011},
	publisher={{P}rinceton {U}niversity press}
}

@article{flynn1966very,
	title={Very high-speed computing systems},
	author={Flynn, Michael J.},
	journal={Proceedings of the {{IEEE}}},
	volume={54},
	number={12},
	pages={1901--1909},
	year={1966},
	publisher={{{IEEE}}}
}

@book{vanderpas2017using,
	title={Using {OpenMP} --- the next step: affinity, accelerators, tasking, and {{SIMD}}},
	author={van der Pas, Ruud and Stotzer, Eric and Terboven, Christian},
	year={2017},
	publisher={{MIT} press}
}

@misc{sabahi2012guide_to_vectorisation,
	title={A guide to vectorization with {I}ntel {C++} compilers},
	author={Sabahi, Mark and others},
	year=2017,
	month={April},
	day=27,
	note={{I}ntel}	
}

@misc{douglas2017rise_of_parallelism,
	title={Vectorization: the rise of parallelism},
	author={Douglas, Rohan and Elliot, Jamie},
	note={{Q}uantifi},
	year={2017},
	month={June},
	day=15
}		

@inproceedings{klemm2012extending,
	title={Extending {OpenMP} with vector constructs for modern multicore {{SIMD}} architectures},
	author={Klemm, Michael and Duran, Alejandro and Tian, Xinmin and Saito, Hideki and Caballero, Diego and Martorell, Xavier},
	booktitle={International workshop on {OpenMP}},
	pages={59--72},
	year={2012},
	organization={Springer}
}

@article{goldberg1991every,
	title={What every computer scientist should know about floating-point arithmetic},
	author={Goldberg, David},
	journal={{ACM} computing surveys ({CSUR})},
	volume={23},
	number={1},
	pages={5--48},
	year={1991},
	publisher={{ACM}}
}

@misc{drepper2007every,
	title={What every programmer should know about memory},
	author={Drepper, Ulrich},
	note={{R}ed {H}at, {Inc}},
	year={2007},
	month={November},
	day=21
}

@misc{levinthal2008performance_analysis,
	title={Performance analysis guide for {I}ntel core i7 processor and {I}ntel {X}eon 5500 processors},
	author={Levinthal, David},
	year=2008,
	institution={{I}ntel},
    url={https://software.intel.com/content/www/us/en/develop/articles/processor-specific-performance-analysis-papers.html}, 
    note={Accessed {F}riday {2} {O}ctober 2020}
}

@book{garside1980architecture,
	title={The architecture of digital computers},
	author={Garside, Roger Graham},
	year={1980},
	publisher={Oxford {U}niversity press}
}

@book{loshin1994high,
	title={High performance computing demystified},
	author={Loshin, David},
	year={1994},
	publisher={Academic press}
}

@misc{eltablawy2017capabilities_of_intel,
	title={Capabilities of {Intel} {AVX-512} and {Intel Xeon} scalable processors},
	author={Eltablawy, Alaa and Vladimirov, Andrey},
	year=2017,
	month={September},
	day=29,
	institution={{C}olfax international}
	}

@article{iso2012c11,
    title={{ISO/IEC} 9899:2011: programming languages--{C}},
    author={{International organization for standardization ({ISO})}},
    journal={{ISO} working group},
    volume={14},
    year={2012}
}

@article{iso2018c18,
    title={{ISO/IEC} 9899:2018: programming languages--{C}},
    author={{International organization for standardization ({ISO})}},
    journal={{ISO} working group},
    edition={4},
    year={2018}
}

@inproceedings{larsen2002increasing,
    title={Increasing and detecting memory address congruence},
    author={Larsen, Samuel and Witchel, Emmett and Amarasinghe, Saman},
    booktitle={Proceedings. {I}nternational conference on parallel architectures and compilation techniques},
    pages={18--29},
    year={2002},
    organization={{IEEE}}
}

@misc{haase2014alignment,
	author={Haase, Sven-Hendrik},
	title={Alignment in {C}},
	year=2014,
	month={January},
	day={{9}},
	note={{U}niversit\"{a}t {H}amburg}
	}

@book{tezuka1995uniform,
	title={Uniform random numbers: theory and practice},
	author={Tezuka, Shu},
	year={1995},
	series={Discrete event dynamic systems},
	publisher={{K}luwer}
}

@book{hansen1969topics,
	title={Topics in interval analysis},
	author={Hansen, Eldon and others},
	volume={1968},
	year={1969},
	publisher={{C}larendon press, {O}xford}
}


@book{gentle2005random,
	title={Random number generation and {{M}onte {C}arlo} methods},
	author={Gentle, James E.},
	series={Statistics and Computing},
	edition={{{2}}},
	year={2005},
	publisher={Springer science \& business media}
}

@book{hastings1955approximations,
	title={Approximations for digital computers},
	author={Hastings Jr, Cecil and Wayward, Jeanne T. and Wong Jr, James P.},
	year={1955},
	publisher={{P}rinceton {U}niversity press}
}

@book{loshin2001efficient,
	title={Efficient memory programming},
	author={Loshin, David},
	year={2001},
	publisher={{McG}raw-Hill, {Inc}}
}

@article{cody1969rational,
	title={Rational {Chebyshev} approximations for the error function},
	author={Cody, William J.},
	journal={Mathematics of computation},
	volume={23},
	number={107},
	pages={631--637},
	year={1969}
}

@article{jeong2012performance,
	title={Performance of {SSE} and {AVX} instruction sets},
	author={Jeong, Hwancheol and Kim, Sunghoon and Lee, Weonjong and Myung, Seok-Ho},
	journal={{arXiv} preprint {arXiv}:1211.0820},
	year={2012}
}

@inproceedings{mitra2013use,
	title={Use of {SIMD} vector operations to accelerate application code performance on low-powered {ARM} and {Intel} platforms},
	author={Mitra, Gaurav and Johnston, Beau and Rendell, Alistair P. and McCreath, Eric and Zhou, Jun},
	booktitle={Parallel and distributed processing symposium workshops \& {PhD} forum ({IPDPSW}), 2013 {{IEEE}} {27} international},
	pages={1107--1116},
	year={2013},
	organization={{IEEE}}
}


@article{evans1974algorithm70,
	author = {Odeh, Robert E. and Evans, J.O.},  
	journal = {Journal of the royal statistical society. {S}eries {C} (applied statistics)},
	number = {1},
	pages = {96-97},
	publisher = {{W}iley, royal statistical society},
	title = {Algorithm {AS} 70: the percentage points of the normal distribution},
	volume = {23},
	year = {1974}
}

@book{glasserman2013monte,
	title={{{M}onte {C}arlo} methods in financial engineering},
	author={Glasserman, Paul},
	volume={53},
	year={2013},
	series={Stochastic modelling and applied probability},
	publisher={Springer science \& business media},
	edition={{1}}
}

@misc{acklam2015algorithm,
	title={An algorithm for computing the inverse normal cumulative distribution function},
	author={Acklam, Peter J.},
	year=2015,
	month={October},
	day=30,
	url={https://web.archive.org/web/20151030212308/http://home.online.no/~pjacklam/notes/invnorm/index.html},
	note={Accessed {T}uesday {8} {S}eptember 2020}
}

@misc{burkardt2020software,
title = {{MATLAB} source codes for {ASA241} and {ASA111}}, 
author = {Burkardt, John},
url = {https://people.sc.fsu.edu/~jburkardt/m_src/m_src.html},
year = {2020},
month = {April}, 
day = {\nt{29}},
note = {Accessed {T}hursday {18} {J}une 2020}
}

@misc{burkardt2020cdflib,
    title = {{C} source codes for {CDFLIB}}, 
    author = {Burkardt, John},
    url = {https://people.sc.fsu.edu/~jburkardt/c_src/cdflib/cdflib.html},
    year = {2019},
    month = {June}, 
    day = {\nt{12}},
    note = {Accessed {W}ednesday {2} {S}eptember 2020}
}

@article{bus1975two,
    title={Two efficient algorithms with guaranteed convergence for finding a zero of a function},
    author={Bus, Jacques C.P. and Dekker, Theodorus Jozef},
    journal={{ACM} transactions on mathematical software ({TOMS})},
    volume={1},
    number={4},
    pages={330--345},
    year={1975},
    publisher={{ACM} {N}ew {Y}ork, {NY}, {USA}}
}

@article{beasley1985percentage,
	title={Algorithm {AS} 111: the percentage points of the normal distribution},
	author={Beasley, J.D. and Springer, S.G.},
	journal = {Journal of the royal statistical society. {S}eries {C} (applied statistics)},
	volume = {26},
	number = {1},
	pages = {118--121},
	month = {March},
	year = 1977
}

@article{brophy1985approximation,
	title={Approximation of the inverse normal distribution function},
	author={Brophy, Alfred L.},
	journal={Behavior research methods},
	volume={17},
	number={3},
	pages={415--417},
	year={1985},
	publisher={Springer}
}

@article{paoloni2010benchmark,
	title={How to benchmark code execution times on {Intel} {IA-32} and {IA-64} instruction set architectures},
	author={Paoloni, Gabriele},
	journal={{I}ntel white paper},
    url={https://www.intel.com/content/dam/www/public/us/en/documents/white-papers/ia-32-ia-64-benchmark-code-execution-paper.pdf},
	year={2010}
}

@book{oliveira2006writing,
	title={Writing scientific software: a guide to good style},
	author={Oliveira, Suely and Stewart, David},
	year={2006},
	publisher={Cambridge {U}niversity press}
}

@article{williams2009roofline,
	title={Roofline: an insightful visual performance model for floating-point programs and multicore architectures},
	author={Williams, Samuel and Waterman, Andrew and Patterson, David},
	journal={Communications of the {ACM}},
	volume={52},
	number={4},
	pages={65--76},
	year={2009},
	publisher={ACM}
}

@misc{fasselt2014restrict,
	title={Restrict, static, \& inline keywords in {C}},
	author={Fasselt, Markus},
	year=2014,
	month={March},
    day=27,
	note={{U}niversit\"{a}t {H}amburg}
}

@article{lecuyer1999good,
	title={Good parameters and implementations for combined multiple recursive random number generators},
	author={L'Ecuyer, Pierre},
	journal={Operations research},
	volume={47},
	number={1},
	pages={159--164},
	year={1999},
	publisher={INFORMS}
}

@article{matsumoto1998mersenne,
	title={{M}ersenne twister: a 623-dimensionally equidistributed uniform pseudo-random number generator},
	author={Matsumoto, Makoto and Nishimura, Takuji},
	journal={{ACM} transactions on modeling and computer simulation ({TOMACS})},
	volume={8},
	number={1},
	pages={3--30},
	year={1998},
	publisher={ACM}
}

@article{moro1995full,
	title={The full {M}onte},
	author={Moro, Boris},
	journal={Risk},
	volume={8},
	number={2},
	pages={57--58},
	year={1995}
}

@article{wichura1988algorithm,
	title={Algorithm {AS} 241: the percentage points of the normal distribution},
	author={Wichura, Michael J.},
	journal={Journal of the royal statistical society. {S}eries {C} (applied statistics)},
	volume={37},
	number={3},
	pages={477--484},
	year={1988},
	month={April},
	publisher={{JSTOR}}
}

@misc{fomitchev2016short_float,
	title={Adding fundamental type for short float},
	author={Fomitchev, Boris and Nikolaev, Sergei and Giroux, Olivier and Crowl, Lawrence},
	year={2016},
	month={February},
	day=14
}

@article{voutier2010quantile,
	title={A new approximation to the normal distribution quantile function},
	author={Voutier, Paul M.},
	journal={{arXiv} preprint {arXiv}:1002.0567},
	year={2010},
	month={February},
	day=3
}

@article{white1970tables,
	title={Tables of normal percentile points},
	author={White, John S.},
	journal={Journal of the {A}merican statistical association},
	volume={65},
	number={330},
	pages={635--638},
	year={1970},
	publisher={{T}aylor \& {F}rancis group}
}

@article{gander1985halley,
	title={On {H}alley's iteration method},
	author={Gander, Walter},
	journal={The {A}merican mathematical monthly},
	volume={92},
	number={2},
	pages={131--134},
	year={1985},
	publisher={JSTOR}
}

@article{wynn1966convergence,
	title={On the convergence and stability of the epsilon algorithm},
	author={Wynn, Peter},
	journal={{SIAM} journal on numerical analysis},
	volume={3},
	number={1},
	pages={91--122},
	year={1966},
	publisher={{SIAM}}
}

@article{marsaglia1994rapid,
	title={Rapid evaluation of the inverse of the normal distribution function},
	author={Marsaglia, George and Zaman, Arif and Marsaglia, John C.W.},
	journal={Statistics \& probability letters},
	volume={19},
	number={4},
	pages={259--266},
	year={1994},
	month={March},
	day={{15}},
	publisher={Elsevier}
}

@phdthesis{jones2010optimising,
	title={Optimising cache use: {\texttt{malloc()}} revisited},
	author={Jones, Samuel},
	year={2010},
	month={May},
	school={{U}niversity of {B}ath},
	institution={{U}niversity of {B}ath},
	type={Dissertation}
}
	
@article{moore1998cramming,
	title={Cramming more components onto integrated circuits},
	author={Moore, Gordon E.},
	journal={Proceedings of the {{IEEE}}},
	volume={86},
	number={1},
	pages={82--85},
	year={1998},
	publisher={{IEEE}}
}
	
@article{sobol1976uniformly,
	title={Uniformly distributed sequences with an additional uniform property},
	author={Sobol, Ilya M.},
	journal={{USSR} computational mathematics and mathematical physics},
	volume={16},
	number={5},
	pages={236--242},
	year={1976},
	publisher={Elsevier}
}

@article{ilic2014cache,
	title={Cache-aware roofline model: upgrading the loft},
	author={Ilic, Aleksandar and Pratas, Frederico and Sousa, Leonel},
	journal={{{IEEE}} computer architecture letters},
	volume={13},
	number={1},
	pages={21--24},
	year={2014},
	publisher={{IEEE}}
}

@article{stephens2017arm,
	title={The {ARM} scalable vector extension},
	author={Stephens, Nigel and Biles, Stuart and Boettcher, Matthias and Eapen, Jacob and Eyole, Mbou and Gabrielli, Giacomo and Horsnell, Matt and Magklis, Grigorios and Martinez, Alejandro and Premillieu, Nathanael and Reid, Alastair and Rico, Alejandro and Walker, Paul},
	journal={{{IEEE}} micro},
	volume={37},
	number={2},
	pages={26--39},
	year={2017},
	publisher={{{IEEE}}}
}

@inproceedings{musa2008effects,
	title={Effects of {MSHR} and prefetch mechanisms on an on-chip cache of the vector architecture},
	author={Musa, Akihoro and Sato, Yoshiei and Soga, Takashi and Egawa, Ryusuke and Takizawa, Hiroyuki and Okabe, Koki and Kobayashi, Hiroaki},
	booktitle={Parallel and distributed processing with applications, 2008. {{ISPA}}'08. {I}nternational symposium},
	pages={335--342},
	year={2008},
	organization={{{IEEE}}}
}


@incollection{giles2011approximating,
	title={Approximating the {\texttt{erfinv}} function},
    author={Giles, Michael B.},
    booktitle={{GPU} computing gems, jade edition},
    pages={109--116},
    year={2011},
    volume=2,
    publisher={Elsevier}
}

@misc{petrogalli2016sneak_peak,
	title={A sneak peek into {SVE} and {VLA} programming},
	author={Petrogalli, Francesco},
	year=2016,
	month={November},
	institution={\arm},
	company={\arm},
	note={White paper}
	}
