@book{knuth2019art_semi,
	title={The Art of Computer Programming: Seminumerical Algorithms, Volume 2},
	author={Knuth, Donald E.},
	year={2019},
	month={June},
	edition={\nth{3}},
	note={\nth{37} printing},
	publisher={{A}ddison-{W}esley}
}

@misc{sheridan2020nested,
	title={Nested multilevel {M}onte {C}arlo methods and a modified {E}uler-{M}aruyama scheme utilising approximate {G}aussian random variables suitable for vectorised hardware and low-precisions},
	author={Sheridan-Methven, Oliver},
	year=2021,
	note={{DP}hil.\ thesis, {M}athematical {I}nstitute, {U}niversity of {O}xford.}
}

@article{giles2022approximate,
	author = {Giles, Michael B. and Sheridan-Methven, Oliver},
	title = {Analysis of Nested Multilevel {M}onte {C}arlo Using Approximate Normal Random Variables},
	journal = {{SIAM/ASA} {J}ournal on {U}ncertainty {Q}uantification},
	volume = {10},
	number = {1},
	pages={200--226},
	year = {2022}
}

@article{giles2023approximating,
	author = {Giles, Michael B. and Sheridan-Methven, Oliver},
	title = {Approximating inverse cumulative distribution functions to produce approximate random variables},
	year = {2023},
	publisher = {{A}ssociation for {C}omputing {M}achinery},
	volume = {49},
	number = {3},
	journal={{ACM} {T}ransactions on {M}athematical {S}oftware},
	month = {September},
	articleno = {26}
}

@article{giles2024rounding,
	author = {Giles, Michael B. and Sheridan-Methven, Oliver},
	title = {Rounding error using low precision approximate random variables},
	year = {2024},
	journal = {{SIAM} {J}ournal on {S}cientific {C}omputing},
	publisher={{SIAM}},
	volume = {46},
	number = {4},
	pages = {B502--B526}
}

@book{glasserman2003monte,
	title={{M}onte {C}arlo methods in financial engineering},
	author={Glasserman, Paul},
	volume={53},
	year={2003},
	series={Stochastic modelling and applied probability},
	publisher={{S}pringer}
}

@article{cheung2007hardware,
	author={Cheung, Ray C. C. and Lee, Dong-U and Luk, Wayne and Villasenor, John D.},
	journal={{IEEE} Transactions on Very Large Scale Integration ({VLSI}) Systems}, 
	title={Hardware Generation of Arbitrary Random Number Distributions From Uniform Distributions Via the Inversion Method}, 
	year={2007},
	volume={15},
	number={8},
	pages={952-962}
}

@article{blair1976rational_chebyshev,
	author = {Blair, J. M. and Edwards, C. A. and Johnson, J. H.},
	journal = {Mathematics of computation},
	number = {136},
	pages = {827--830},
	publisher = {{A}merican mathematical society},
	title = {Rational {C}hebyshev approximations for the inverse of the error function},
	volume = {30},
	year = {1976}
}

@book{hastings1955approximations,
	title={Approximations for digital computers},
	author={Hastings Jr, Cecil and Wayward, Jeanne T. and Wong Jr, James P.},
	year={1955},
	publisher={{P}rinceton {U}niversity press}
}

@misc{sheridan2020approximate_random,
	title={Getting started with approximate random variables: a brief guide for practitioners},
	author={Sheridan-Methven, Oliver},
	year=2020,
	url={github.com/oliversheridanmethven/approximate_random_variables},
	note={GitHub repository}
}

@article{haas2025monte,
	title = {A nested {MLMC} framework for efficient simulations on {FPGA}s},
	author = {Haas, Irina-Beatrice and Giles, Michael B.},
	journal = {{M}onte {C}arlo Methods and Applications},
	year = {2025},
	note={Accepted for publication, pending journal issue}
}

@article{box1958note,
	title={A note on the generation of random normal deviates},
	author={Box, George E.P. and Muller, Mervin E.},
	journal={The annals of mathematical statistics},
	volume={29},
	pages={610--611},
	year={1958}
}

@article{marsaglia2000ziggurat,
	title={The {Z}iggurat method for generating random variables},
	author={Marsaglia, George and Tsang, Wai Wan},
	journal={Journal of statistical software},
	volume={5},
	number={1},
	pages={1--7},
	year={2000}
}

@article{marsaglia1964convenient,
	author = {Marsaglia, George and Bray, T.A.},
	title = {A Convenient Method for Generating Normal Variables},
	journal = {SIAM Review},
	volume = {6},
	number = {3},
	pages = {260-264},
	year = {1964}
}

@article{muller2015improving,
	author = {M\"{u}ller, Eike H. and Scheichl, Rob and Shardlow, Tony},
	title = {Improving multilevel {M}onte {C}arlo for stochastic differential equations with application to the {L}angevin equation},
	volume = {471},
	number = {2176},
	year = {2015},
	publisher = {The royal society},
	journal = {Proceedings of the royal society of {L}ondon {A}: mathematical, physical and engineering sciences}
}

@misc{mazzucotelli2025mkdocstringc,
author={Mazzucotelli, Timoth\'{e}e},
year={2025},
title={mkdocstrings-c: a {C} handler for mkdocstrings},
url={github.com/mkdocstrings/c},
note={GitHub repository}
}
